1963 3126
763 164 822 179 2„-
870 138 935 189 73
983 164 1053 180 .--

145 279 450 336 imputandam
476 295 571 331 esse
597 295 703 325 oum.
726 280 789 325 G.
806 280 1032 324 Dindorfio
1059 280 1241 331 adEur.
1271 281 1416 326 Orest.
1446 298 1482 325 v.
1511 284 1581 328 53.
1603 286 1671 329 60.

134 353 350 417 arbitror.
396 355 471 400 „Id
495 354 692 412 quodveo
714 354 995 406 yerisimilius
1009 358 1231 411 apparet,
1272 370 1406 415 quum
1436 357 1503 402 vel
1529 361 1670 404 metro
1740 340 1747 345 ,

93 453 97 456 ·
144 434 417 488 repugnante
452 432 499 475 in
534 430 725 475 editione
761 430 851 475 illa*
878 427 944 481 εἰς
978 444 1059 487 pro
1094 432 1139 482 ἐς
1166 431 1379 487 scriptum
1399 433 1671 489 reperiatur,

146 521 183 552 e.
212 521 255 561 g.
279 506 423 553 Orest.
449 523 489 553 v.
521 510 646 552 1119.
676 506 762 565 (ed.
785 506 983 551 Dindorf.
1004 497 1072 556 vah,-
1108 507 1250 551 οἴκους
1272 522 1362 562 Ῥνο
1391 506 1436 556 ἐς
1462 508 1543 550 οἲκ.
1572 508 1672 566 (εἲς-

144 595 243 636 ιμεν
285 583 328 632 ἐς
366 575 513 633 οἴκους
553 581 707 640 δῆθεν,
744 580 805 633 ὡς
836 579 1155 639 Quodnam),
1189 581 1342 626 Helen.
1377 597 1417 627 v,
1457 586 1580 628 1611.
1614 586 1673 634 εἷς

139 652 312 700 Ἑλλάδ’
343 671 424 713 pro
457 652 569 711 ἄναξ
606 656 651 707 ἐς
673 653 841 700 Ἑλλάδ’
877 651 1001 701 εἶπεν
1035 654 1238 701 εὐθύνειν
1269 657 1390 716 δόρυ.
1424 662 1468 701 et
1501 659 1547 702 in
1575 673 1674 703 can-

142 731 243 775 ticis
277 731 421 778 Orest.
454 746 494 776 V.
530 734 630 778 822.
668 734 728 782 εἷς
761 729 899 788 αὐγὰς
935 737 980 776 et
1016 731 1121 777 ibid.
1157 735 1281 777 1004.
1316 732 1567 786 μονόπωλον
1608 732 1675 795 εἰς

138 802 239 849 Ἀῶ
259 810 413 851 contra
432 806 629 851 codicum
650 807 894 852 lectionem
909 811 954 851 et
973 807 1195 864 vulgatam
1217 809 1257 857 ἐς
1278 803 1416 865 αὐγὰς
1429 804 1672 861 -ἕςἈιῦ,

144 882 257 927 Item
286 883 447 928 Aldina
482 898 570 927 non
597 888 716 928 recte
751 883 875 928 dedit
906 886 967 934 εἷς
1002 883 1097 938 ἐμέ,
1132 884 1276 928 Orest.
1304 899 1343 929 v.
1372 887 1470 929 394.
1498 890 1543 930 et
1569 885 1673 930 ibid.

135 973 185 1004 Ὺ.
215 961 326 1013 736.,
353 946 434 1015 pro
456 973 542 1015 quo
564 958 751 1004 debebat
780 961 822 1011 ἐς
843 959 935 1014 ἐμὲ,
971 959 1090 1016 quod
1109 960 1327 1004 Porsonus
1347 959 1419 1004 hh.
1450 960 1496 1004 ll.
1518 960 1672 1014 edidit,

116 1034 213 1091 fvel
238 1038 356 1079 certe
384 1034 446 1084 εἷς
471 1049 529 1088 με
542 1034 613 1092 ¹⁰⁸)
644 1034 978 1090 οωῃ,Ε1ω81θίο
1005 1035 1190 1090 aliisque
1218 1034 1438 1092 (Dindorf.
1465 1031 1508 1084 ἔς
1534 1037 1625 1092 με).

259 1108 520 1164 Exemplum
535 1123 651 1163 vero,
667 1108 743 1152 ubi
759 1109 897 1152 Aldus
912 1122 993 1166 pro
1011 1106 1078 1159 εἰς
1091 1109 1202 1152 falso
1219 1109 1444 1165 scripserit
1454 1108 1529 1160 ig,
1556 1110 1675 1165 equi-

143 1183 248 1228 dem·
269 1183 472 1240 detegere
498 1199 586 1229 non
612 1176 763 1241 potui.¹
796 1184 923 1228 Unde
949 1185 1109 1241 liquet,
1141 1185 1316 1229 omnino
1342 1184 1400 1228 ab
1426 1184 1539 1233 Aldo
1567 1184 1672 1232 faci-

143 1258 269 1304 cilius
296 1260 530 1315 genuinam
563 1259 761 1304 codicum
789 1259 1053 1318 scripturam
1080 1258 1125 1310 ἐς
1163 1260 1221 1304 in·
1239 1261 1300 1309 εἰς
1326 1264 1542 1307 mutatam
1567 1274 1673 1315 esse,

143 1348 276 1390 quam
303 1335 397 1384 vice
423 1350 563 1384 versa.
939 1391 944 1400 Ι
1289 1374 1293 1377 .
1504 1388 1506 1391 y

263 1410 389 1465 Quod
415 1415 563 1459 autem
600 1411 654 1456 de
683 1411 846 1456 Aldina
872 1411 1065 1456 editione
1091 1411 1310 1466 dlximuS,
1337 1411 1454 1461 idem
1490 1411 1537 1455 in
1575 1411 1673 1457 aliis

144 1501 317 1542 quoque
353 1487 582 1531 veteribus·
596 1488 724 1531 libris
751 1488 984 1532 observare
1008 1489 1116 1531 lieet
1140 1492 1187 1531 et
1212 1486 1390 1543 quidem
1417 1503 1504 1531 non
1519 1488 1671 1533 solum

145 1561 263 1618 apud
287 1561 564 1618 Euripidem,
601 1578 757 1608 verum—
779 1563 944 1616 otia-my-
964 1563 1025 1607 in.
1041 1562 1254 1619 Sophocle
1280 1550 1335 1606 vet
1370 1563 1671 1620 iri-Aeschylo.

147 1638 229 1692 Sic,
258 1641 309 1681 ut
330 1619 448 1682 certe
468 1639 681 1683 nonnulla
701 1638 900 1696 exempla
921 1638 1180 1693 adscribam,
1209 1643 1364 1682 contra
1383 1639 1515 1687 metri
1536 1639 1675 1695 legem

145 1717 208 1767 εἷς
232 1730 312 1772 pro
340 1712 390 1765 ἐς
413 1715 647 1771 praebent:
685 1714 791 1760 Eu-r.
828 1714 985 1758 Medea
1021 1730 1061 1759 v.
1091 1717 1188 1759 265.
1219 1715 1420 1760 Lascaris
1455 1717 1518 1766 εἷς
1550 1712 1676 1774 εὖνοὶν

143 1793 259 1848 Ρ.“ἓς
282 1788 427 1849 &civim
457 1791 562 1835 ibid.
581 1805 643 1835 vs.
665 1794 750 1834 264
777 1787 996 1848 εἶςεάλκὴςν
1024 1789 1199 1834 Stobaei
1230 1790 1677 1847 ‘ed-Trineavelliana

140 1882 183 1924 p.
205 1865 252 1918 ἐς
272 1863 384 1920 ἅλκ.;
416 1866 522 1910 Eur.
544 1866 769 1922 Hippolyt.
791 1881 829 1910 v.
856 1868 981 1908 1067.
1007 1864 1162 1920 εἲςειμι
1188 1866 1392 1909 Lascaris
1413 1866 1544 1909 simul
1577 1878 1675 1910 cum

144 1942 270 1987 codd.
298 1942 333 1985 F
335 1942 415 1986 lor.
433 1945 472 1985 2.
494 1944 559 1985 10.
588 1941 727 1986 Havn.
744 1956 787 1997 p.
804 1937 959 1995 ἐξειμις
988 1940 1140 1996 Eurip.
1162 1940 1321 1984 Phoen.
1345 1956 1383 1985 v.
1408 1943 1505 1985 613.
1536 1940 1674 1985 Codd.

138 2021 200 2064 A.
228 2018 345 2063 Flor.
364 2020 432 2062 33.
459 2018 570 2073 Aug.
585 2016 628 2061 b.
642 2012 788 2072 μολών
811 2014 871 2064 εἰς
892 2011 1060 2075 ’Ἄργος
1079 2032 1123 2073 p.
1151 2014 1194 2062 ἐς
1211 2011 1398 2075 ’Ἄργος
1425 2016 1530 2060 Eur.
1558 2016 1674 2063 Med.

138 2109 178 2138 v.
210 2096 336 2138 1024.
370 2091 455 2150 ἐγώ
489 2093 528 2135 δ’
563 2095 621 2136 εἷς
661 2087 792 2150 ἄλλην
818 2096 863 2136 et
895 2091 1000 2135 ibid.
1028 2107 1067 2137 V.
1100 2095 1223 2137 1039.
1253 2087 1448 2149 ὄψεσθ’ἳ
1485 2093 1542 2135 εἷς
1569 2087 1674 2135 ἄλλο

267 2280 324 2323 ¹⁰⁸)
350 2279 388 2322 ἐς
411 2279 500 2331 ἐμέ,
530 2281 572 2315 ut
595 2278 655 2314 hic
678 2287 861 2322 moneam,
899 2276 998 2324 quod-
1021 2277 1200 2313 Matthiae
1231 2277 1278 2315 ad
1301 2277 1427 2324 Eurip.
1462 2277 1542 2324 Iph.
1566 2277 1675 2314 Taur.

141 2349 175 2374 v.
200 2339 257 2373 65.
283 2337 505 2380 observavit,
530 2336 718 2381 scripsisse
741 2335 912 2370 videntur
936 2334 1183 2377 Grammatiei,
1216 2335 1380 2380 regulae,
1406 2346 1477 2380 qua
1501 2335 1675 2370 encliticis

142 2398 227 2440 post
257 2394 547 2441 praepositiones
579 2393 679 2428 locus
718 2395 889 2437 negatur,
922 2395 1080 2426 tenaces,
1128 2390 1199 2426 Sed
1231 2391 1303 2426 iam
1332 2391 1525 2440 Elrmsleius
1554 2391 1675 2427 attulit

141 2451 273 2490 Bacch.
299 2464 333 2489 v.
359 2453 429 2489 804
454 2453 566 2492 (805.)
594 2450 645 2494 εἷς
671 2467 730 2503 με,
755 2449 870 2486 Elect.
887 2460 922 2485 v.
942 2449 1020 2484 347.
1045 2449 1137 2501 πρός
1167 2464 1225 2500 με,
1252 2448 1384 2484 Aesch.
1410 2449 1514 2485 Eum.
1539 2459 1571 2483 v.
1598 2451 1663 2485 104

144 2510 237 2563 ὑπέρ
256 2526 340 2562 μου.
357 2514 394 2545 et
410 2510 451 2545 cf
477 2509 604 2554 Reisig
621 2508 826 2543 Coniectan.
850 2507 888 2542 in
905 2498 1095 2552 Aristoph.
1117 2507 1146 2541 Ι.
1164 2517 1249 2552 pag.
1269 2508 1324 2541 56.
1340 2511 1528 2551 praeterea
1544 2506 1675 2541 Jacobs

143 2567 344 2615 Antholog.
367 2567 496 2605 Graec.
521 2566 602 2604 Vol.
636 2565 700 2603 III.
724 2576 797 2612 pag
833 2565 890 2602 66.
914 2559 985 2601 312
1019 2565 1098 2601 917.
1123 2564 1201 2601 924.
1251 2563 1380 2611 Neque
1411 2564 1518 2601 etiam
1555 2564 1673 2601 facere

142 2636 306 2673 possum,
342 2626 430 2671 quin
452 2625 621 2661 Elmsleii
653 2623 870 2659 sententiam
907 2623 954 2658 ad
977 2623 1066 2658 Eur.
1090 2622 1222 2657 Bacch.
1248 2634 1280 2656 v.
1305 2622 1383 2663 804.
1407 2622 1674 2667 pronuntiatam

144 2684 205 2721 hic
229 2692 524 2721 commemorem:
564 2681 657 2727 „Qui
683 2680 780 2728 apud
803 2680 1018 2727 Euripidem
1042 2680 1080 2724 ἐς
1106 2680 1174 2732 ἐμέ
1197 2683 1396 2726 reponunt,
1429 2679 1610 2722 nesciunt,
1637 2679 1675 2720 ἐς

143 2741 242 2788 apud
266 2741 423 2787 tragicos
456 2751 642 2786 nunquam
671 2740 709 2776 in
734 2740 886 2778 iambico
909 2744 1026 2775 metro
1050 2739 1205 2774 mediam
1228 2738 1331 2784 pedis
1354 2737 1538 2783 ftrisyllabi
1569 2737 1675 2784 sylla-

144 2799 227 2836 bam
268 2806 359 2834 esse.
400 2797 472 2834 Vid
516 2797 563 2833 ad
595 2797 677 2843 Iph.
708 2797 815 2833 Taur,
854 2797 910 2833 65.
950 2797 1029 2833 334.
1076 2796 1169 2832 Mus.
1211 2795 1297 2831 Crit.
1335 2794 1504 2830 Cantabr.
1545 2795 1592 2830 -Τ,
1629 2794 1674 2830 11.

143 2868 227 2906 pag.
252 2855 328 2893 275
357 2855 459 2892 285.“
484 2875 526 2883 -
919 2866 922 2869 ·

1444 2940 1467 2978 6
