1963 3126
797 162 1120 203 *so-

256 328 258 330 ·
310 303 405 348 rHis
442 316 546 348 vero
582 304 778 361 exeeptis
813 317 963 349 omnes
999 304 1158 360 reliqui
1192 316 1349 360 prosae
1385 301 1610 347 orationis
1624 300 1742 346 mri-

204 381 357 435 ptores
383 378 522 431 Attici
549 378 731 435 vulgare
759 380 821 430 εἰς
850 378 1176 435 praetulerunt,
1195 382 1256 421 -ut
1284 376 1548 433 Xenophon,
1584 376 1742 419 Demo·

183 452 384 505 ¹sthenes
411 453 635 509 ceterique
667 456 890 507 oratores,
911 453 966 512 ⁹⁴⁴¹)
1005 453 1059 497 de
1087 452 1248 509 quibus
1276 455 1472 505 constat,
1508 451 1593 495 nisi
1619 450 1739 506 quod

204 524 260 570 de
286 526 473 572 Platone
498 541 569 571 res
594 528 728 592 paulo
755 527 915 571 dubior
938 532 1143 584 apparet,
1182 540 1317 583 quum
1339 527 1533 582 saepius
1556 517 1740 569 mirifice

206 605 251 645 et
277 600 380 645 libri
406 605 452 645 et
479 601 671 646 editores
703 603 820 646 inter
844 616 891 646 se
917 602 1102 645 varient.

325 676 411 720 Sed
435 679 609 730 tamen,
649 676 687 719 si
714 676 891 731 quidem
920 676 1210 720 Schneiderus
1237 676 1283 719 in
1310 676 1500 719 Praefat.
1528 675 1587 721 ad
1615 675 1740 719 civit.

207 749 304 793 Vol.
332 751 366 793 Ι.
393 765 437 806 p.
465 750 582 794 LIII.
600 764 696 806 sqq.
723 753 844 794 recte
877 749 1148 803 observavit,
1187 751 1339 795 etiam
1359 750 1477 806 apud
1510 750 1739 796 Platonem

203 822 252 865 τὸ
279 826 342 874 εἰς
367 825 614 880 praevalet,
641 823 691 867 τὸ
720 823 765 873 ἐς
791 829 940 868 autem
970 824 1207 868 admodum
1232 839 1383 870 rarum
1411 829 1480 868 est
1498 825 1631 880 idque
1650 839 1742 867 ma-

205 899 319 942 xime
347 900 393 942 in
421 899 690 956 compositis.

320 973 538 1016 Prosaicis
568 974 704 1029 igitur
731 973 1017 1039 scriptoribus
1047 973 1260 1016 absolutis
1286 974 1376 1017 iam
1403 942 1461 1016 ad
1487 977 1642 1029 poetas
1667 975 1742 1017 At·

207 1047 334 1100 ticos,
360 1047 554 1101 tragicos
582 1051 627 1090 et
653 1048 857 1101 comicos,
885 1048 1206 1102 aggrediamur,

323 1119 454 1177 Apud
492 1134 566 1165 eos
603 1124 752 1166 autem
788 1121 834 1165 in
872 1120 1097 1165 codicibus
1141 1125 1186 1165 et
1233 1121 1499 1166 editionibus
1526 1122 1739 1178 insignem

205 1196 259 1238 de
286 1196 625 1251 praepositionis
652 1200 832 1239 nostrae
859 1197 1079 1252 scriptura
1106 1196 1253 1239 videre
1291 1197 1397 1240 licet
1423 1201 1467 1240 et
1494 1197 1743 1255 discrepan-

206 1271 315 1315 tiam
342 1274 387 1314 et
412 1271 773 1324 inconstantiam,
804 1272 871 1314 ita
898 1275 948 1314 ut
974 1284 1062 1314 non
1083 1271 1304 1324 miremur,
1333 1271 1451 1326 quod
1472 1272 1605 1314 etiam
1632 1270 1744 1314 iudi·-

205 1346 294 1398 eia,
333 1359 447 1400 quae
488 1344 572 1387 viri
609 1345 727 1388 docti
762 1345 820 1387 ad
850 1344 1145 1387 definiendum
1174 1349 1217 1388 et
1246 1345 1601 1388 constituendum
1628 1345 1743 1387 hunc

204 1434 332 1463 usum
367 1419 585 1471 tulerunt,
619 1422 853 1474 tantopere
895 1419 1011 1461 inter
1049 1433 1095 1461 se
1136 1420 1322 1462 variant.
1395 1420 1488 1472 Sic,
1534 1423 1584 1462 ut
1627 1423 1744 1466 certe

204 1493 415 1537 nonnulla
453 1507 605 1537 eorum
641 1493 713 1536 hic
751 1492 1021 1546 adscribam,
1066 1493 1302 1539 Elmsleius
1340 1493 1397 1539 ad
1434 1493 1586 1549 Eurip.
1628 1492 1743 1537 Med.

204 1583 243 1610 v.
274 1571 363 1611 88.:
380 1567 434 1629 θέ)
470 1567 607 1620 „Sunt
626 1571 776 1611 autem
797 1567 964 1610 formae
985 1581 1235 1611 communes
1256 1570 1316 1616 εἰς
1337 1571 1381 1611 et
1402 1567 1520 1618 εἴσω,
1546 1568 1745 1622 poeticae

211 1656 338 1696 „vero
370 1645 412 1693 ἐς
448 1647 492 1685 et
520 1639 629 1696 ἐσω,
669 1656 780 1697 quas
817 1641 973 1687 comici
1005 1656 1092 1685 non
1119 1642 1296 1685 omnino
1322 1645 1560 1698 usurpant,
1589 1642 1747 1697 tragici

210 1732 322 1771 „non
358 1718 443 1761 nisi
479 1717 611 1761 metri
655 1717 751 1773 lege
794 1717 949 1760 coacti.
1024 1716 1164 1768 Quam
1202 1717 1454 1773 longissime
1494 1732 1522 1761 a
1562 1717 1747 1765 veritate

211 1792 361 1845 „abest
388 1791 597 1834 Brunckii
637 1791 859 1834 sententia
892 1795 987 1833 tum
1021 1791 1128 1833 alibi
1161 1792 1328 1846 passim
1367 1792 1614 1844 declarata,
1652 1795 1744 1834 tum

212 1867 294 1921 „ad
326 1865 532 1921 Aeschyli
567 1866 711 1909 Prom.
749 1867 848 1907 478.
882 1865 1045 1921 (477.):
1092 1864 1167 1917 „Id
1202 1869 1351 1909 autem
1389 1879 1472 1908 usu
1496 1865 1745 1921 percepisse

325 2150 369 2195 ⁹⁸)
394 2149 439 2185 cf.
466 2146 620 2185 Scheibe
645 2146 683 2183 in
707 2144 1008 2182 commentatione
1046 2145 1170 2183 critica
1202 2145 1247 2180 de
1270 2145 1365 2185 Isaei
1395 2145 1618 2185 orationibus
1642 2145 1743 2191 (Pro-

206 2218 345 2253 gramm
363 2206 427 2241 des
447 2203 747 2239 Vitzthumschen
768 2201 1252 2247 Geschlechtsgymnasiums
1269 2202 1343 2239 und
1361 2202 1425 2238 der
1441 2203 1506 2237 mit
1531 2202 1739 2240 demselben

206 2263 434 2309 vereinigten
447 2257 867 2310 Erziehungsanstaltin
883 2257 1049 2294 Dresden
1062 2258 1196 2295 Ostern
1225 2260 1338 2305 1859.)
1363 2271 1444 2306 pag.
1470 2261 1502 2294 6.
1527 2260 1745 2304 „Praeterea

207 2322 471 2367 reponendum,
505 2327 635 2360 censeo
659 2340 693 2360 —,
824 2314 876 2357 εἰς
899 2326 967 2360 Pto
991 2317 1029 2357 ἐς
1054 2327 1105 2352 01·-
1132 2320 1161 2351 1.
1186 2317 1217 2363 ξ.
1246 2319 1299 2352 14.
1325 2318 1396 2365 (εἰς
1432 2318 1498 2367 τὴν
1528 2316 1744 2368 ὓστερᾳίαν)

208 2385 245 2415 et
270 2378 320 2422 εἵς
348 2393 389 2417 τε
414 2388 479 2423 pro
505 2376 543 2419 ἔς
567 2391 608 2415 τε
636 2376 722 2428 (γὰρ
751 2377 814 2416 τὸν
839 2378 983 2428 πατέρα
1008 2375 1069 2413 καὶ
1104 2375 1171 2425 τὴν
1198 2375 1361 2426 μητέρα)
1387 2384 1437 2409 01·-
1463 2376 1494 2411 7.
1520 2373 1553 2421 ξ.
1566 2375 1625 2410 34.
1652 2372 1745 2424 (ἴστε

207 2437 267 2483 A),
295 2446 368 2471 non
394 2434 491 2480 quod
515 2434 585 2468 hoc
611 2433 770 2469 Atticum
795 2445 870 2469 non
894 2434 960 2477 sit,
985 2431 1049 2467 sed
1075 2431 1170 2476 quod
1196 2442 1267 2466 non
1292 2431 1410 2467 minus
1436 2443 1457 2466 a
1483 2430 1742 2467 Demosthenis

207 2492 388 2541 (Dindorf.
404 2491 519 2537 praef.
532 2490 579 2527 ad
591 2491 693 2527 Dem.
708 2502 790 2537 pag.
803 2491 1081 2537 XX111.)-quo
1094 2490 1225 2525 inloco
1241 2489 1402 2524 Dindorf.
1417 2489 1571 2525 notavit:
1597 2489 1638 2525 P.
1667 2489 1731 2523 129

207 2553 260 2587 21.
296 2551 366 2595 (ed.
400 2550 540 2595 Reisk.)
565 2549 616 2591 εἰς
649 2548 936 2600 Πελοπόννησον
967 2547 1128 2593 S.‘(00d-
1162 2547 1330 2591 Parisin.)
1360 2558 1427 2592 pro
1452 2547 1491 2589 ἐς
1517 2546 1620 2593 Πελ-,
1655 2557 1746 2593 quae

208 2609 326 2645 forma
349 2606 633 2653 praepositionis
662 2606 785 2643 aliena
820 2606 866 2643 ab
890 2604 1137 2642 Demosthene
1174 2608 1239 2649 est,
1264 2624 1310 2630 —
1334 2612 1443 2650 quam
1474 2603 1520 2638 ab
1545 2603 1640 2639 Isaei
1678 2614 1746 2640 usu

206 2667 413 2702 abhorret.“
439 2664 544 2699 Hauc
567 2663 727 2699 Scheibii
758 2664 934 2700 rationem
970 2662 1096 2700 laudat
1131 2673 1173 2696 ac
1206 2662 1362 2707 probate
1390 2660 1536 2697 videtur
1560 2660 1746 2700 Gotthold.

207 2721 582 2763 Meutzner.1J2}1n’s
605 2720 837 2758 Jahrbticher
859 2719 1014 2766 Leipzig
1041 2720 1140 2754 1861.
1164 2729 1248 2764 pag.
1273 2717 1368 2759 462.)

327 2793 372 2838 ⁰⁸)
396 2793 593 2828 Pmeoeoea
614 2791 785 2828 conferas
818 2801 901 2827 eum
934 2790 990 2826 ad.
1014 2790 1129 2835 Soph.
1155 2788 1243 2826 ond.
1277 2789 1320 2829 R,
1345 2787 1502 2861 Praefat,
1534 2798 1617 2834 pag.
1651 2788 1745 2830 111„

212 2858 318 2895 quem
341 2849 458 2884 locum
484 2847 665 2893 inspicere
689 2847 777 2882 mihi
801 2857 876 2883 non
898 2846 1010 2882 licuit.
1039 2866 1080 2871 -
