1963 3126
815 131 1108 170 —50-

310 269 370 313 Et
396 269 457 313 ad
481 273 638 327 poetas
667 270 787 326 quod
811 271 993 323 attinet,
1022 270 1098 327 qui
1125 270 1172 314 in
1197 265 1450 319 universum*
1465 270 1729 334 Ionicafdia-

195 344 309 387 lecto
337 343 603 399 utebantur,
633 349 684 388 ut
710 344 947 399 Homeru8‚
976 345 1202 400 Hesiodus
1212 345 1443 401 ¹ceterique
1471 345 1583 401 epici
1596 345 1725 403 8⁰),et

192 420 310 462 inter
336 419 499 475 lyricos
524 420 754 465 Anacreon
780 420 963 475 aliique,
979 420 1033 475 εἰ)
1060 419 1116 464 de
1137 419 1207 463 his
1228 419 1311 472 hoc
1331 420 1506 466 omnino
1529 424 1724 463 statuen—

195 493 300 537 dum
329 498 415 537 est:
452 494 706 538 Breviorem
732 494 1071 550 praepositionis
1096 493 1284 538 formam
1319 493 1367 544 ἐς
1395 494 1725 551 praetulerunt,

192 570 258 612 ita
285 573 448 624 tamen,
476 572 527 613 ut
552 583 633 624 pro
661 569 790 613 metri
808 569 981 613 ratione
1009 572 1054 612 et
1073 582 1386 624 nonnunquam
1407 568 1463 613 ob
1484 583 1638 614 sonum
1658 569 1726 612 vel

194 644 284 686 alia
313 659 366 687 ex
394 657 528 687 causa
557 643 854 698 qualicunque
890 644 1024 687 etiam
1041 643 1297 699 ‚pleniorem
1335 647 1395 693 εἰς
1426 644 1725 696 admitterent.

194 718 284 771 Sic,
313 722 363 760 ut
391 721 511 761 certe
537 717 771 762 nonnullos
798 717 940 771 locos,
969 718 1016 761 in
1044 717 1202 773 quibus
1224 716 1279 760 τδ
1304 716 1368 767 εἰς
1394 722 1572 775 praeter
1597 720 1725 771 metri

190 792 500 835 necessitatem
536 792 718 847 legitur,
758 791 830 835 hic
865 806 1104 849 apponam,
1139 792 1258 848 apud
1291 792 1531 839 Homerum
1565 793 1725 849 septies

191 870 339 910 exstat
376 864 418 909 οὶ
446 865 485 909 δ’
506 860 609 924 αἶψ’
632 867 844 921 εϊςβαινον
880 866 1012 922 Odys.
1039 867 1115 910 IX.
1147 881 1186 911 v.
1219 870 1314 916 103.
1348 869 1443 911 179.
1464 871 1570 911 47-1.
1601 870 1722 921 563.;

193 941 274 985 Od.
303 940 378 983 XI.
414 956 453 983 v.
492 943 610 994 638.,
639 941 737 984 XII.
763 956 802 984 v.
830 944 947 994 146„
974 941 1067 984 XV.
1096 956 1134 984 v.
1166 944 1285 995 548„
1324 941 1444 996 quod
1478 942 1724 998 exemplum

189 1015 435 1059 Lobeekius
470 1030 644 1072 quoque
678 1016 834 1060 laudat
856 1016 1085 1072 Patholog.
1118 1016 1151 1059 Ι.
1173 1030 1216 1073 p.
1240 1020 1307 1059 57.
1336 1020 1425 1060 not.
1452 1020 1518 1060 14.
1550 1007 1730 1067 dicens:

196 1092 293 1145 „cui
316 1091 428 1151 (scil.
445 1092 764 1149 praepositioni
786 1090 870 1151 εἰς)
892 1091 1110 1141 Homerus
1130 1096 1279 1136 tamen
1293 1096 1514 1148 sequente
1535 1084 1725 1146 consona

150 1220 153 1223 ἢ
199 1168 518 1226 „qualicunque
543 1167 638 1210 iota
666 1168 817 1210 eximit
847 1171 1030 1224 excepto
1057 1182 1157 1221 uno,
1186 1168 1303 1223 quod
1321 1165 1386 1218 ,in'
1402 1182 1532 1211 versu
1559 1170 1722 1225 septies

200 1243 412 1299 „repetito
429 1242 471 1286 οἱ
487 1242 515 1285 δ
524 1243 534 1261 '
550 1237 658 1300 αἶψ’
676 1244 887 1298 εἴςβαινον
905 1244 1068 1298 legitur
1083 1244 1281 1287 variante
1297 1243 1481 1287 subinde
1503 1244 1723 1300 scriptura

198 1312 424 1375 „2:2ssan
446 1314 662 1373 ἔμβαινον.
706 1317 804 1362 Sed.
831 1317 975 1374 Epim.
1004 1317 1039 1361 Ι.
1071 1320 1165 1361 172.
1195 1318 1419 1375 vulgatam
1446 1332 1501 1363 ex
1526 1318 1721 1375 professo

193 1397 409 1446 „tuetur“.

303 1468 540 1513 Praeterea
584 1469 632 1512 in
668 1468 850 1513 Homeri
886 1469 1012 1512 Iliad.
1041 1468 1080 1522 ζ.
1121 1483 1159 1511 v.
1191 1471 1294 1522 7347.
1333 1467 1469 1513 habes
1506 1466 1573 1520 εἰς
1604 1471 1723 1523 κῦμα

188 1541 273 1601 (εἰς
302 1538 421 1600 ὄρος,
457 1542 485 1600 ἢ
518 1544 580 1593 εἷς
605 1545 723 1596 κῦμα
747 1542 1096 1601 πολυφλοίσβοιο
1123 1540 1404 1600 θαλάσσης),
1439 1543 1559 1587 haud
1592 1543 1722 1587 dubie

185 1617 280 1660 soni
306 1630 451 1660 causa.
487 1618 634 1673 Atque
667 1618 713 1660 in
744 1618 936 1662 Hesiodo
970 1617 1022 1660 τό
1050 1616 1116 1669 εἷς
1142 1622 1244 1661 ante
1274 1622 1565 1663 consonantes
1592 1618 1722 1674 vulgo

184 1690 391 1736 scribitur
421 1692 540 1737 Scut.
568 1692 698 1737 Herc.
728 1708 766 1737 v.
792 1694 861 1738 83.
883 1690 1002 1736 ἵκετο
1023 1692 1062 1737 δ’
1084 1690 1150 1745 εἰς
1169 1692 1406 1751 Κρείοντα,
1433 1692 1540 1736 ibid.
1561 1707 1599 1736 v.
1626 1695 1720 1736 108.

183 1767 267 1819 σᾶς
294 1764 360 1817 εἷς
386 1770 539 1826 χεῖρας
566 1764 741 1824 ἄγουσιν
774 1773 818 1813 ct
849 1770 895 1812 in
923 1769 1169 1825 fragmento
1199 1768 1390 1823 quodam
1419 1782 1447 1812 a
1476 1768 1721 1821 Scholiasta

181 1842 239 1886 ad
265 1842 392 1886 Pind.
427 1843 555 1899 Pyth.
587 1843 667 1898 VI,
702 1847 767 1887 19.
797 1845 957 1899 citato,
985 1859 1046 1887 vs.
1070 1847 1110 1887 2.
1138 1839 1414 1902 φράζεσθαι·
1441 1845 1617 1901 πρῶτον
1640 1831 1721 1897 μὲν

186 1912 252 1959 ὅτ’
281 1915 348 1978 εἰς
375 1912 512 1977 δόμον
538 1915 809 1978 εἷςαφίκηαι,
820 1953 887 1963 .....
898 1935 907 1974 ;
948 1934 1000 1963 ac
1036 1919 1221 1964 fortasse
1255 1919 1389 1963 etiam
1420 1918 1467 1963 in
1500 1918 1618 1970 Hes„
1637 1918 1716 1975 Op.

182 1981 226 2035 et
254 1993 380 2037 Dieb.
409 2009 449 2036 v.
482 1995 681 2052 408(10.)
711 1996 915 2051 vulgatae
942 1996 1149 2039 lectioni:
1177 1993 1303 2052 Mrjd’
1323 1992 1649 2049 ἀναβάλλεσθαι
1674 1990 1718 2043 ἔς

178 2067 216 2109 τ’
239 2062 394 2126 αὔριον
420 2065 468 2120 ἔς
493 2068 531 2112 τ’
555 2065 727 2129 ἐννηφιν
751 2069 1042 2126 praeferenda
1069 2074 1137 2114 est
1168 2070 1295 2115 unius
1332 2070 1496 2116 codicis
1530 2069 1577 2113 P.
1610 2069 1717 2113 scri-

176 2298 228 2341 εἰς
254 2298 469 2338 τούναντίον
495 2299 625 2350 λόγονς
655 2299 699 2335 fr.
711 2300 757 2352 -9.
781 2299 819 2341 ἐς
847 2300 984 2351 notam:
1013 2298 1056 2335 fr.
1085 2300 1127 2335 13
1166 2299 1203 2341 ἐς
1235 2300 1305 2338 τοῦ
1341 2300 1499 2341 πλεῦνος
1530 2300 1597 2356 τὴν
1635 2299 1711 2339 ἐπι-

179 2355 335 2408 θυμίᾰν;
363 2356 407 2393 fr.
435 2358 490 2393 19.
516 2356 742 2410 εἰςφέρεται,
779 2356 831 2400 εἰς
859 2356 950 2396 ἄλλο
972 2355 1083 2404 εἶδος,
1113 2356 1165 2399 εἰς
1190 2359 1321 2403 τοῦτος
1360 2356 1405 2393 fr.
1428 2356 1486 2393 22.
1513 2357 1551 2400 ἐς
1579 2356 1715 2409 μηδέν;

177 2411 221 2448 fr.
246 2412 303 2449 23.
330 2413 382 2455 εἰς
421 2414 565 2455 ἑωϋτὸν
603 2415 699 2466 μήτε
732 2414 783 2457 εἰς
813 2414 925 2459 &nm
956 2414 1001 2450 fr.
1033 2414 1091 2450 28.
1122 2415 1161 2457 ἐς
1196 2414 1235 2460 ’ὄ;
1261 2414 1307 2450 fr.
1329 2416 1387 2450 41.
1412 2415 1450 2457 ἐς
1483 2415 1549 2457 τὰς
1581 2414 1714 2465 ’τιμᾶςᾯ

173 2469 219 2506 fr.
242 2471 299 2506 43·
325 2470 363 2514 ἐς
390 2472 457 2523 τὴν
484 2470 626 2511 ἐκείνου
668 2470 893 2523 &miloni-qv:
926 2471 970 2508 fr.
995 2473 1052 2509 49.
1083 2471 1121 2514 ἐς
1156 2471 1244 2512 θεὸν
1283 2471 1480 2525 μεγίστηνς
1517 2472 1563 2509 fr.
1584 2472 1640 2509 52.
1677 2471 1716 2515 ἐς

174 2528 399 2579 ὁμογενέαςς
438 2530 483 2565 fr.
508 2531 565 2566 57.
591 2530 643 2572 εἰς
671 2530 823 2574 ἑαυτόνς
860 2530 904 2565 fr·
930 2531 984 2564 58.
1010 2530 1048 2572 ἐς
1074 2531 1117 2569 τὸ
1143 2530 1338 2581 ὁμογενὲς
1373 2530 1418 2566 fr.
1448 2530 1505 2567 63.
1529 2530 1567 2573 ἔς
1602 2546 1644 2570 τε
1668 2530 1715 2569 τὰ

174 2585 343 2633 ἑαυτῶν;
364 2586 410 2623 fr.
434 2587 491 2624 66.
515 2586 567 2630 εἰς
595 2587 733 2626 πολλὸν
761 2586 867 2639 υψος,
897 2587 947 2630 εἰς
973 2586 1073 2626 ὁδόν.
1103 2606 1147 2612 -

290 2655 338 2700 ⁸⁰)
364 2656 426 2701 qui
451 2665 576 2693 omnes
599 2656 748 2692 Homeri
770 2656 898 2701 lingua
921 2656 1128 2699 utebantur,
1154 2656 1200 2693 cf.
1219 2656 1417 2711 Hermann.
1444 2655 1714 2699 observationi-

174 2712 241 2748 bus
266 2710 311 2747 de
337 2710 500 2751 Graecae
524 2711 673 2758 linguae
700 2712 865 2749 dialectis
891 2712 1077 2760 Opusc.1.
1102 2724 1188 2760 pag.
1213 2713 1293 2749 133.

253 2762 254 2765 ¹
290 2769 339 2814 ⁸¹)
371 2765 473 2807 Inter
506 2768 639 2816 lyricos
671 2774 800 2816 poetas
837 2771 902 2807 alii
930 2771 1117 2807 Aeolicam
1145 2771 1372 2818 potissimum
1403 2759 1612 2816 dialectum,
1650 2770 1713 2806 alii

176 2825 347 2862 Doricam
369 2830 597 2872 receperunt,
621 2827 685 2863 alii
708 2830 829 2863 autem
852 2827 1049 2864 Ionismum
1072 2823 1255 2874 epicorum
1280 2828 1408 2866 sectati
1431 2832 1526 2865 sunt.
