1963 3126
810 138 1074 178 -5—

176 281 352 338 glossae
373 274 481 332 ἔσς’·
512 277 580 332 εἷς
594 273 772 340 αὔριον·
803 279 1008 324 Βοιωτοί.
1029 282 1077 324 et
1096 278 1239 331 awog-
1260 279 1331 332 εἰς
1346 273 1511 340 αὔριον.
1532 280 1580 324 in
1601 293 1709 337 qua-

170 369 285 400 rum.
300 355 544 413 posteriore
571 353 815 401 Abre'mius
841 355 888 413 (1.
915 368 954 399 e.
981 355 1039 401 Π.
1066 369 1168 412 pag.
1197 357 1284 399 386
1306 354 1423 412 not.)
1448 355 1559 399 illud
1585 354 1709 406 εἲδας

177 447 233 477 ex
259 432 383 483 αἴσας
412 431 461 491 (i.
488 445 526 476 e.
556 429 623 482 εἰς
651 424 723 490 ἇς)
752 434 1007 488 corruptum
1034 444 1129 475 esse
1147 434 1269 475 reete
1289 431 1501 488 suspicari
1520 429 1706 475 videtur.

202 523 205 525 ·
260 507 329 552 Ex
341 507 411 552 his
424 507 561 564 igitur
580 507 691 556 satis
705 510 908 564 apparet,
928 506 1265 564 praepositionis
1276 505 1344 559 εἰς
1355 507 1706 569 aptiquissimam

178 587 224 627 et
249 582 518 639 primitivam
535 581 730 626 'formam
756 579 831 633 ἐνς
851 581 999 625 fuisse.

293 657 395 701 Jam
419 671 524 701 vero
550 656 597 701 id
622 657 792 713 agitur,
818 655 870 699 τό
900 655 970 707 §vg
995 656 1114 701 unde
1138 657 1428 706 derivandum
1454 661 1499 702 et
1525 672 1614 715 qua
1637 672 1708 703 ra-

176 734 296 778 tione
323 733 497 778 omnino
526 732 694 776 factum
722 732 802 787 sit,
841 735 893 776 ut
926 731 1028 776 huie
1056 731 1224 777 formae
1250 732 1566 789 aliisqueinde
1590 733 1707 778 natis

135 810 136 813 ’
176 813 344 854 motum
368 809 416 853 in
439 808 633 864 aliquem
657 807 825 862 locum,
852 811 1123 864 quapropter
1148 808 1204 851 iis
1232 822 1403 865 semper
1429 809 1706 853 aecusativus

176 884 450 941 adiungitur,
480 883 720 939 exprimere
752 883 878 938 quasi
902 886 1213 927 reservaretur.

293 959 514 1015 Cognatas
540 958 712 1013 linguas
739 957 777 1000 si
804 956 998 1011 adimus,
1026 958 1071 1001 in
1099 958 1154 1001 iis
1167 992 1177 1012 ‚
1207 958 1327 1002 velut
1345 959 1392 1001 in
1412 958 1595 1013 Latina,
1619 958 1706 1004 Go-

176 1034 295 1078 thica
313 1036 552 1089 nostraque
569 1032 815 1086 vernacula,
837 1046 926 1075 una
945 1033 1213 1088 praepositio
1240 1033 1332 1086 „in“
1357 1033 1483 1076 nobis
1499 1033 1704 1088 occurrit,

174 1123 290 1165 quae
324 1109 477 1152 eadem
511 1108 622 1151 duas
656 1107 850 1150 rationes
891 1108 1119 1162 exprimit,
1155 1111 1201 1150 et
1228 1109 1420 1163 quietem
1445 1108 1514 1152 vel
1540 1108 1703 1162 locum,

176 1182 252 1227 ubi
271 1186 473 1227 versatur
501 1181 668 1238 aliquid
695 1181 765 1225 vel
789 1180 862 1235 fit,
891 1170 938 1229 et
961 1184 1131 1229 motum
1162 1182 1208 1225 in
1241 1182 1432 1238 aliquem
1457 1182 1603 1226 locum
1616 1217 1626 1237 ,
1654 1197 1704 1227 eo

176 1263 323 1303 tamen
351 1258 623 1311 discrimine,
645 1260 714 1311 ut,
736 1257 774 1301 si
794 1256 906 1305 illud
926 1254 1116 1314 spesstes,
1147 1258 1417 1318 praepositio
1439 1272 1538 1302 eum
1558 1258 1705 1303 dativo

176 1334 246 1378 vel
272 1333 488 1387 ablativo,
516 1334 586 1378 sin'
610 1333 717 1387 hoc,
746 1346 844 1378 cum
870 1333 1119 1378 accusativo
1148 1334 1451 1392 conjungatur.

294 1409 379 1453 Sed
400 1409 570 1452 Graeca
589 1408 739 1463 lingua
757 1422 839 1463 pro
860 1408 1042 1451 diversis
1062 1408 1151 1452 illis
1173 1408 1419 1453 rationibus
1434 1410 1579 1453 varias
1600 1424 1706 1465 quo-

177 1492 261 1535 que
287 1478 635 1537 praepositiones
661 1476 868 1521 formavit
905 1480 952 1520 et
982 1476 1158 1533 quidem
1199 1477 1257 1521 ad
1295 1469 1454 1534 quietis
1491 1477 1706 1536 significa-

176 1549 339 1592 tionem
366 1547 551 1591 sormam
581 1543 626 1590 ἐν
655 1560 691 1589 e.
714 1546 862 1590 dativo
875 1580 886 1599 ,
913 1545 972 1589 ad
991 1546 1178 1590 alteram
1197 1560 1300 1591 vero
1321 1550 1469 1591 motus
1487 1548 1708 1592 rationem

175 1616 444 1661 reddendam
475 1631 528 1661 ex
556 1617 653 1674 ipso
680 1616 756 1660 illo
784 1614 829 1659 ἐν
857 1615 985 1662 finxit
1018 1629 1176 1660 novam
1211 1617 1581 1674 praepositionem
1616 1614 1705 1670 ἐνς,

177 1686 267 1740 cui,
298 1686 361 1730 -ad
386 1686 474 1741 vim
502 1685 620 1742 quod
648 1686 829 1740 attinet,
864 1684 918 1728 τὰ
954 1684 999 1730 ἕν
1025 1685 1262 1742 respondet
1296 1686 1387 1730 fere
1421 1690 1472 1730 ut
1503 1690 1704 1731 nostrum

174 1755 255 1813 bier
283 1757 348 1812 τῷ
374 1755 536 1813 methin.

289 1825 342 1868 In
374 1826 643 1869 incremento
681 1825 817 1880 igitur
851 1824 928 1868 illo
965 1839 990 1875 ς
1027 1837 1160 1868 eausa
1199 1824 1452 1880 quaerenda
1489 1828 1582 1879 est,
1628 1839 1706 1869 eur

174 1896 238 1950 τῷ
267 1893 338 1947 ἐνς
369 1893 472 1954 (εἷς)
500 1895 635 1938 insita
664 1895 814 1939 sitvis
841 1894 1043 1938 movendi
1068 1894 1119 1937 in*
1141 1894 1333 1951 aliquem
1360 1894 1517 1938 locum.

294 1964 379 2008 Sed
401 1964 495 2020 jam
520 1963 632 2008 illud
657 1979 683 2015 ς
707 1963 823 2008 unde
851 1963 1019 2007 factum
1046 1967 1114 2006 est
1148 1967 1194 2006 et
1220 1964 1436 2019 quomodo
1460 1968 1609 2020 potest
1635 1978 1707 2008 ex-

175 2032 365 2089 plicari?

291 2100 388 2146 Hoc
414 2100 693 2147 manifestum
714 2104 788 2146 est
814 2104 949 2158 atque
977 2101 1154 2147 evidens
1168 2136 1178 2156 ,
1211 2101 1343 2147 finale
1375 2116 1400 2152 ς
1435 2102 1482 2146 in
1515 2100 1586 2153 52⁶3
1618 2117 1707 2150 non

177 2184 272 2215 esse
297 2171 437 2217 solum
463 2171 635 2227 signum
660 2171 730 2215 vel
758 2171 898 2216 solam
922 2172 1119 2227 literam,
1148 2171 1226 2216 sed
1251 2172 1400 2227 potius
1426 2170 1565 2216 latere
1586 2172 1635 2216 in
1654 2187 1708 2218 eo

177 2239 379 2285 suffixum
405 2238 625 2298 quoddam
651 2240 924 2295 mutilatum,
946 2241 1064 2297 quod
1083 2240 1260 2298 quidem
1280 2254 1376 2284 eam
1388 2274 1398 2293 ,
1425 2254 1538 2297 quae
1556 2243 1620 2297 τῷ
1639 2238 1709 2292 ἐνς

176 2310 357 2366 propria
376 2313 444 2354 est
457 2342 468 2364 ‚
484 2310 573 2353 vim
592 2310 793 2355 movendi
814 2310 1018 2355 effecerit.
1043 2311 1097 2355 Id
1115 2313 1266 2355 autem
1287 2310 1581 2354 consideranti
1600 2311 1707 2368 quid

175 2379 298 2424 aliud
323 2377 406 2423 tibi
441 2378 488 2422 in
513 2382 703 2423 mentem
729 2380 899 2435 veniat,
934 2380 1021 2425 nisi
1058 2380 1212 2425 statim
1247 2379 1467 2436 particula
1503 2380 1707 2424 enclitica

176 2449 255 2494 illa
282 2461 354 2503 σε,
381 2449 542 2507 quippe
570 2463 683 2505 quae
704 2450 818 2504 voci,
846 2451 917 2494 cui
937 2450 1166 2504 adhaeret,
1195 2464 1367 2507 semper
1393 2448 1551 2494 tribuit
1575 2449 1706 2506 signi-

176 2518 425 2562 ficationem
453 2517 668 2575 dirigendi
694 2519 740 2563 in
767 2520 960 2576 aliquem
984 2520 1154 2574 locum,
1192 2519 1312 2563 velut
1344 2521 1434 2561 ποῦ
1466 2519 1563 2572 ubi,
1591 2515 1706 2563 πόσε

177 2601 263 2643 quo
277 2621 287 2641 ,
316 2586 405 2632 ἐκεῖ
429 2586 514 2642 ibi,
554 2586 693 2632 ἐκεῖσε
720 2603 783 2633 eo.
830 2589 901 2633 Sic
923 2589 1059 2646 igitur
1087 2603 1141 2633 ex
1167 2587 1232 2642 ἐν,
1264 2588 1389 2643 quasi
1415 2587 1488 2631 hie
1516 2588 1705 2647 (bier),⁴)

296 2785 324 2831 ⁴)
348 2786 641 2833 Praepositiones
665 2786 757 2822 enim
782 2781 982 2832 antiquitus
1013 2791 1118 2823 erant
1145 2786 1335 2829 adverbia,
1367 2787 1412 2824 ef.
1437 2787 1583 2824 Curtius
1614 2788 1705 2834 „Er-

177 2845 439 2890 laentemngen
462 2855 530 2881 zur
551 2844 697 2882 Grieoh.
721 2844 903 2882 Gramm‘
929 2844 1051 2891 (Prag.
1078 2845 1197 2889 1863.)
1226 2845 1314 2892 Cap.
1349 2849 1403 2882 17.
1433 2856 1517 2893 pag.
1552 2846 1619 2882 168
1651 2856 1706 2892 sq.
