<?xml version="1.0" encoding="UTF-8"?>
<!DOCTYPE html PUBLIC "-//W3C//DTD XHTML 1.0 Transitional//EN"
    "http://www.w3.org/TR/xhtml1/DTD/xhtml1-transitional.dtd">
<html xmlns="http://www.w3.org/1999/xhtml" xml:lang="en" lang="en">
 <head>
  <title>
</title>
<meta http-equiv="Content-Type" content="text/html;charset=utf-8" />
  <meta name='ocr-system' content='tesseract 3.04.00' />
  <meta name='ocr-capabilities' content='ocr_page ocr_carea ocr_par ocr_line ocrx_word'/>
</head>
<body>
  <div class='ocr_page' id='page_1' title='image "4738107_0084.png"; bbox 0 0 1963 3126; ppageno 0'>
   <div class='ocr_carea' id='block_1_1' title="bbox 826 130 1137 171">
    <p class='ocr_par' dir='ltr' id='par_1_1' title="bbox 826 130 1137 171">
     <span class='ocr_line' id='line_1_1' title="bbox 826 130 1137 171; baseline 0.003 -14"><span class='ocrx_word' id='word_1_1' title='bbox 826 153 903 160; x_wconf 80' lang='grc'><strong>.-</strong></span> <span class='ocrx_word' id='word_1_2' title='bbox 954 130 1019 171; x_wconf 50' lang='grc'><strong>1152</strong></span> <span class='ocrx_word' id='word_1_3' title='bbox 1058 153 1137 160; x_wconf 74' lang='grc'><strong>..-</strong></span> 
     </span>
    </p>
   </div>
   <div class='ocr_carea' id='block_1_2' title="bbox 189 270 1762 1835">
    <p class='ocr_par' dir='ltr' id='par_1_2' title="bbox 220 270 1762 854">
     <span class='ocr_line' id='line_1_2' title="bbox 225 270 1759 324; baseline -0.001 -10"><span class='ocrx_word' id='word_1_4' title='bbox 225 271 475 316; x_wconf 68' lang='grc' dir='ltr'><strong>οοᾱ..1«’1ω·.</strong></span> <span class='ocrx_word' id='word_1_5' title='bbox 514 272 635 314; x_wconf 63' lang='lat' dir='ltr'><strong>net</strong></span> <span class='ocrx_word' id='word_1_6' title='bbox 671 271 887 315; x_wconf 78' lang='lat' dir='ltr'>editiones</span> <span class='ocrx_word' id='word_1_7' title='bbox 920 272 1217 314; x_wconf 72' lang='lat' dir='ltr'><strong>&#39;l&#39;riclinianas</strong></span> <span class='ocrx_word' id='word_1_8' title='bbox 1258 275 1461 324; x_wconf 80' lang='lat' dir='ltr'><strong>tuentur,</strong></span> <span class='ocrx_word' id='word_1_9' title='bbox 1493 270 1759 316; x_wconf 56' lang='lat' dir='ltr'><strong>observavit:</strong></span> 
     </span>
     <span class='ocr_line' id='line_1_3' title="bbox 230 344 1761 402; baseline 0.001 -12"><span class='ocrx_word' id='word_1_10' title='bbox 230 346 491 400; x_wconf 80' lang='lat' dir='ltr'><strong>„Elmsleius</strong></span> <span class='ocrx_word' id='word_1_11' title='bbox 516 346 756 402; x_wconf 73' lang='grc' dir='ltr'><strong><em>εἷςείὸομεν</em></strong></span> <span class='ocrx_word' id='word_1_12' title='bbox 789 361 889 391; x_wconf 91' lang='lat' dir='ltr'><strong>cum</strong></span> <span class='ocrx_word' id='word_1_13' title='bbox 926 347 1025 391; x_wconf 88' lang='lat' dir='ltr'><strong>edd.</strong></span> <span class='ocrx_word' id='word_1_14' title='bbox 1058 347 1348 390; x_wconf 73' lang='lat' dir='ltr'><strong>Triclinianis.</strong></span> <span class='ocrx_word' id='word_1_15' title='bbox 1381 345 1497 390; x_wconf 65' lang='lat' dir='ltr'><strong>“Sed</strong></span> <span class='ocrx_word' id='word_1_16' title='bbox 1525 344 1761 401; x_wconf 51' lang='lat' dir='ltr'><strong>quamn-ille</strong></span> 
     </span>
     <span class='ocr_line' id='line_1_4' title="bbox 224 420 1760 480; baseline -0.001 -13"><span class='ocrx_word' id='word_1_17' title='bbox 224 422 424 480; x_wconf 78' lang='lat' dir='ltr'><strong>regulam</strong></span> <span class='ocrx_word' id='word_1_18' title='bbox 460 421 544 467; x_wconf 86' lang='lat' dir='ltr'><strong>sibi</strong></span> <span class='ocrx_word' id='word_1_19' title='bbox 579 422 757 480; x_wconf 76' lang='lat' dir='ltr'>scripsit</span> <span class='ocrx_word' id='word_1_20' title='bbox 792 422 836 466; x_wconf 91' lang='lat' dir='ltr'><strong>in</strong></span> <span class='ocrx_word' id='word_1_21' title='bbox 872 421 1146 480; x_wconf 77' lang='lat' dir='ltr'><strong>praefatione</strong></span> <span class='ocrx_word' id='word_1_22' title='bbox 1180 422 1248 467; x_wconf 31' lang='lat' dir='ltr'><strong>ad*</strong></span> <span class='ocrx_word' id='word_1_23' title='bbox 1275 421 1380 467; x_wconf 91' lang='lat' dir='ltr'><strong>Oed.</strong></span> <span class='ocrx_word' id='word_1_24' title='bbox 1408 421 1459 466; x_wconf 81' lang='lat' dir='ltr'><strong>R.</strong></span> <span class='ocrx_word' id='word_1_25' title='bbox 1487 435 1534 478; x_wconf 76' lang='lat' dir='ltr'><strong>p.</strong></span> <span class='ocrx_word' id='word_1_26' title='bbox 1560 423 1615 475; x_wconf 52' lang='lat'><strong>9..</strong></span> <span class='ocrx_word' id='word_1_27' title='bbox 1642 424 1693 467; x_wconf 79' lang='lat' dir='ltr'><strong>ut</strong></span> <span class='ocrx_word' id='word_1_28' title='bbox 1719 420 1760 470; x_wconf 63' lang='grc' dir='ltr'><strong>ἐς</strong></span> 
     </span>
     <span class='ocr_line' id='line_1_5' title="bbox 225 499 1760 555; baseline -0.002 -13"><span class='ocrx_word' id='word_1_29' title='bbox 225 512 313 543; x_wconf 89' lang='lat' dir='ltr'><strong>non</strong></span> <span class='ocrx_word' id='word_1_30' title='bbox 354 499 440 542; x_wconf 89' lang='lat' dir='ltr'><strong>nisi</strong></span> <span class='ocrx_word' id='word_1_31' title='bbox 474 502 619 542; x_wconf 85' lang='lat' dir='ltr'><strong>metro</strong></span> <span class='ocrx_word' id='word_1_32' title='bbox 662 499 914 555; x_wconf 78' lang='lat' dir='ltr'><strong>postulante</strong></span> <span class='ocrx_word' id='word_1_33' title='bbox 949 512 977 541; x_wconf 84' lang='lat' dir='ltr'><strong>a</strong></span> <span class='ocrx_word' id='word_1_34' title='bbox 1014 499 1194 554; x_wconf 81' lang='lat' dir='ltr'><strong>tragicis</strong></span> <span class='ocrx_word' id='word_1_35' title='bbox 1230 503 1491 555; x_wconf 85' lang='lat' dir='ltr'><strong>usurpatum</strong></span> <span class='ocrx_word' id='word_1_36' title='bbox 1532 501 1760 551; x_wconf 77' lang='lat' dir='ltr'><strong>statueret,</strong></span> 
     </span>
     <span class='ocr_line' id='line_1_6' title="bbox 223 561 1756 629; baseline -0.003 -12"><span class='ocrx_word' id='word_1_37' title='bbox 223 588 319 617; x_wconf 82' lang='lat' dir='ltr'><strong>eam</strong></span> <span class='ocrx_word' id='word_1_38' title='bbox 348 587 428 628; x_wconf 83' lang='lat' dir='ltr'><strong>ego</strong></span> <span class='ocrx_word' id='word_1_39' title='bbox 456 573 633 617; x_wconf 90' lang='lat' dir='ltr'><strong>minime</strong></span> <span class='ocrx_word' id='word_1_40' title='bbox 661 571 936 629; x_wconf 83' lang='lat' dir='ltr'>probandam</span> <span class='ocrx_word' id='word_1_41' title='bbox 961 586 1056 616; x_wconf 91' lang='lat' dir='ltr'><strong>esse</strong></span> <span class='ocrx_word' id='word_1_42' title='bbox 1083 572 1315 617; x_wconf 85' lang='lat' dir='ltr'><strong>arbitror.“</strong></span> <span class='ocrx_word' id='word_1_43' title='bbox 1361 572 1487 617; x_wconf 88' lang='lat' dir='ltr'><strong>Unde</strong></span> <span class='ocrx_word' id='word_1_44' title='bbox 1515 561 1756 627; x_wconf 77' lang='lat' dir='ltr'><strong>collegeris,</strong></span> 
     </span>
     <span class='ocr_line' id='line_1_7' title="bbox 224 642 1761 704; baseline -0.003 -11"><span class='ocrx_word' id='word_1_45' title='bbox 224 648 276 693; x_wconf 84' lang='lat' dir='ltr'><strong>G.</strong></span> <span class='ocrx_word' id='word_1_46' title='bbox 304 648 603 692; x_wconf 86' lang='lat' dir='ltr'><strong>Hermannum</strong></span> <span class='ocrx_word' id='word_1_47' title='bbox 631 661 805 702; x_wconf 89' lang='lat' dir='ltr'><strong>quoque</strong></span> <span class='ocrx_word' id='word_1_48' title='bbox 832 648 1012 703; x_wconf 83' lang='lat' dir='ltr'><strong>tragicis</strong></span> <span class='ocrx_word' id='word_1_49' title='bbox 1040 649 1081 696; x_wconf 75' lang='grc' dir='ltr'><strong>ἐς</strong></span> <span class='ocrx_word' id='word_1_50' title='bbox 1107 649 1274 704; x_wconf 86' lang='lat' dir='ltr'><strong>potius,</strong></span> <span class='ocrx_word' id='word_1_51' title='bbox 1314 661 1446 704; x_wconf 84' lang='lat' dir='ltr'><strong>quam</strong></span> <span class='ocrx_word' id='word_1_52' title='bbox 1474 650 1536 699; x_wconf 69' lang='grc' dir='ltr'><strong>εἰς</strong></span> <span class='ocrx_word' id='word_1_53' title='bbox 1565 642 1761 690; x_wconf 77' lang='lat' dir='ltr'><strong>tribuere</strong></span> 
     </span>
     <span class='ocr_line' id='line_1_8' title="bbox 220 720 1762 778; baseline -0.001 -12"><span class='ocrx_word' id='word_1_54' title='bbox 220 723 482 778; x_wconf 86' lang='lat' dir='ltr'><strong>praesertim</strong></span> <span class='ocrx_word' id='word_1_55' title='bbox 511 722 549 765; x_wconf 88' lang='lat' dir='ltr'><strong>si</strong></span> <span class='ocrx_word' id='word_1_56' title='bbox 575 721 842 775; x_wconf 73' lang='lat' dir='ltr'>consideres,</span> <span class='ocrx_word' id='word_1_57' title='bbox 874 736 974 764; x_wconf 90' lang='lat' dir='ltr'><strong>eum</strong></span> <span class='ocrx_word' id='word_1_58' title='bbox 1008 722 1055 764; x_wconf 88' lang='lat' dir='ltr'><strong>in</strong></span> <span class='ocrx_word' id='word_1_59' title='bbox 1083 722 1309 778; x_wconf 78' lang='lat' dir='ltr'><strong>Sophoclis</strong></span> <span class='ocrx_word' id='word_1_60' title='bbox 1337 726 1383 765; x_wconf 88' lang='lat' dir='ltr'><strong>et</strong></span> <span class='ocrx_word' id='word_1_61' title='bbox 1411 720 1613 778; x_wconf 77' lang='lat' dir='ltr'><strong>Aeschyli</strong></span> <span class='ocrx_word' id='word_1_62' title='bbox 1629 720 1762 765; x_wconf 78' lang='lat' dir='ltr'><strong>fabu-</strong></span> 
     </span>
     <span class='ocr_line' id='line_1_9' title="bbox 226 793 1760 854; baseline -0.001 -13"><span class='ocrx_word' id='word_1_63' title='bbox 226 797 294 851; x_wconf 62' lang='lat' dir='ltr'><strong>lis,&gt;</strong></span> <span class='ocrx_word' id='word_1_64' title='bbox 317 796 391 841; x_wconf 87' lang='lat' dir='ltr'><strong>nbi</strong></span> <span class='ocrx_word' id='word_1_65' title='bbox 411 800 602 842; x_wconf 86' lang='lat' dir='ltr'><strong>metrum</strong></span> <span class='ocrx_word' id='word_1_66' title='bbox 624 800 669 841; x_wconf 90' lang='lat' dir='ltr'><strong>et</strong></span> <span class='ocrx_word' id='word_1_67' title='bbox 687 798 752 848; x_wconf 74' lang='grc' dir='ltr'><strong>εἷς</strong></span> <span class='ocrx_word' id='word_1_68' title='bbox 772 801 818 841; x_wconf 90' lang='lat' dir='ltr'><strong>et</strong></span> <span class='ocrx_word' id='word_1_69' title='bbox 838 794 880 842; x_wconf 74' lang='grc' dir='ltr'><strong>ἐς</strong></span> <span class='ocrx_word' id='word_1_70' title='bbox 900 797 1082 854; x_wconf 83' lang='lat' dir='ltr'><strong>patitur,</strong></span> <span class='ocrx_word' id='word_1_71' title='bbox 1105 797 1245 842; x_wconf 85' lang='lat' dir='ltr'><strong>multo</strong></span> <span class='ocrx_word' id='word_1_72' title='bbox 1262 797 1437 854; x_wconf 78' lang='lat' dir='ltr'><strong>saepius</strong></span> <span class='ocrx_word' id='word_1_73' title='bbox 1455 796 1538 841; x_wconf 85' lang='lat' dir='ltr'><strong>hoc</strong></span> <span class='ocrx_word' id='word_1_74' title='bbox 1559 793 1760 841; x_wconf 77' lang='lat' dir='ltr'><strong>edidisse.</strong></span> 
     </span>
    </p>

    <p class='ocr_par' dir='ltr' id='par_1_3' title="bbox 189 872 1762 1608">
     <span class='ocr_line' id='line_1_10' title="bbox 339 872 1762 930; baseline -0.001 -13"><span class='ocrx_word' id='word_1_75' title='bbox 339 873 432 917; x_wconf 83' lang='lat' dir='ltr'><strong>Iam</strong></span> <span class='ocrx_word' id='word_1_76' title='bbox 458 872 647 929; x_wconf 87' lang='lat' dir='ltr'><strong>denique</strong></span> <span class='ocrx_word' id='word_1_77' title='bbox 674 872 732 916; x_wconf 87' lang='lat' dir='ltr'><strong>ad</strong></span> <span class='ocrx_word' id='word_1_78' title='bbox 753 873 1011 930; x_wconf 85' lang='lat' dir='ltr'><strong>Euripidem</strong></span> <span class='ocrx_word' id='word_1_79' title='bbox 1033 873 1152 929; x_wconf 93' lang='lat' dir='ltr'><strong>quod</strong></span> <span class='ocrx_word' id='word_1_80' title='bbox 1172 877 1357 930; x_wconf 86' lang='lat' dir='ltr'><strong>spectat,</strong></span> <span class='ocrx_word' id='word_1_81' title='bbox 1385 886 1474 916; x_wconf 87' lang='lat' dir='ltr'><strong>non</strong></span> <span class='ocrx_word' id='word_1_82' title='bbox 1494 872 1623 916; x_wconf 80' lang='lat' dir='ltr'><strong>facile</strong></span> <span class='ocrx_word' id='word_1_83' title='bbox 1644 873 1762 928; x_wconf 87' lang='lat' dir='ltr'><strong>quis-</strong></span> 
     </span>
     <span class='ocr_line' id='line_1_11' title="bbox 221 935 1761 1005; baseline 0 -13"><span class='ocrx_word' id='word_1_84' title='bbox 221 963 353 1005; x_wconf 84' lang='lat' dir='ltr'><strong>quam</strong></span> <span class='ocrx_word' id='word_1_85' title='bbox 390 949 437 992; x_wconf 88' lang='lat' dir='ltr'><strong>in</strong></span> <span class='ocrx_word' id='word_1_86' title='bbox 474 948 656 992; x_wconf 89' lang='lat' dir='ltr'><strong>dubium</strong></span> <span class='ocrx_word' id='word_1_87' title='bbox 695 953 842 1002; x_wconf 88' lang='lat' dir='ltr'><strong>vocet,</strong></span> <span class='ocrx_word' id='word_1_88' title='bbox 879 950 986 1005; x_wconf 88' lang='lat' dir='ltr'><strong>quin</strong></span> <span class='ocrx_word' id='word_1_89' title='bbox 1019 948 1095 992; x_wconf 90' lang='lat' dir='ltr'><strong>ille</strong></span> <span class='ocrx_word' id='word_1_90' title='bbox 1130 948 1187 992; x_wconf 87' lang='lat' dir='ltr'><strong>ab</strong></span> <span class='ocrx_word' id='word_1_91' title='bbox 1214 948 1418 1004; x_wconf 80' lang='lat' dir='ltr'><strong>Aeschyli</strong></span> <span class='ocrx_word' id='word_1_92' title='bbox 1448 935 1761 1004; x_wconf 83' lang='lat' dir='ltr'><strong>Sophoclisque</strong></span> 
     </span>
     <span class='ocr_line' id='line_1_12' title="bbox 220 1021 1761 1079; baseline -0.001 -12"><span class='ocrx_word' id='word_1_93' title='bbox 220 1025 391 1067; x_wconf 88' lang='lat' dir='ltr'><strong>ratione</strong></span> <span class='ocrx_word' id='word_1_94' title='bbox 429 1025 475 1067; x_wconf 89' lang='lat' dir='ltr'><strong>in</strong></span> <span class='ocrx_word' id='word_1_95' title='bbox 515 1023 669 1067; x_wconf 86' lang='lat' dir='ltr'><strong>formis</strong></span> <span class='ocrx_word' id='word_1_96' title='bbox 706 1021 751 1073; x_wconf 80' lang='grc' dir='ltr'><strong>ἐς</strong></span> <span class='ocrx_word' id='word_1_97' title='bbox 776 1028 822 1068; x_wconf 89' lang='lat' dir='ltr'><strong>et</strong></span> <span class='ocrx_word' id='word_1_98' title='bbox 859 1026 922 1075; x_wconf 73' lang='grc' dir='ltr'><strong>εἷς</strong></span> <span class='ocrx_word' id='word_1_99' title='bbox 947 1023 1207 1068; x_wconf 81' lang='lat' dir='ltr'><strong>adhibendis</strong></span> <span class='ocrx_word' id='word_1_100' title='bbox 1235 1025 1281 1067; x_wconf 91' lang='lat' dir='ltr'><strong>in</strong></span> <span class='ocrx_word' id='word_1_101' title='bbox 1307 1024 1556 1068; x_wconf 86' lang='lat' dir='ltr'><strong>universum</strong></span> <span class='ocrx_word' id='word_1_102' title='bbox 1585 1023 1761 1079; x_wconf 80' lang='lat' dir='ltr'><strong>quidem</strong></span> 
     </span>
     <span class='ocr_line' id='line_1_13' title="bbox 221 1097 1762 1154; baseline -0.003 -11"><span class='ocrx_word' id='word_1_103' title='bbox 221 1112 308 1143; x_wconf 88' lang='lat' dir='ltr'><strong>non</strong></span> <span class='ocrx_word' id='word_1_104' title='bbox 342 1097 607 1143; x_wconf 84' lang='lat' dir='ltr'><strong>discesserit.</strong></span> <span class='ocrx_word' id='word_1_105' title='bbox 673 1098 786 1143; x_wconf 84' lang='lat' dir='ltr'><strong>Sane</strong></span> <span class='ocrx_word' id='word_1_106' title='bbox 820 1098 997 1154; x_wconf 83' lang='lat' dir='ltr'><strong>quidem</strong></span> <span class='ocrx_word' id='word_1_107' title='bbox 1035 1098 1090 1142; x_wconf 92' lang='lat' dir='ltr'><strong>iis</strong></span> <span class='ocrx_word' id='word_1_108' title='bbox 1123 1099 1169 1141; x_wconf 91' lang='lat' dir='ltr'><strong>in</strong></span> <span class='ocrx_word' id='word_1_109' title='bbox 1218 1098 1345 1152; x_wconf 87' lang='lat' dir='ltr'><strong>locis,</strong></span> <span class='ocrx_word' id='word_1_110' title='bbox 1388 1097 1546 1154; x_wconf 87' lang='lat' dir='ltr'><strong>quibus</strong></span> <span class='ocrx_word' id='word_1_111' title='bbox 1576 1102 1762 1154; x_wconf 81' lang='lat' dir='ltr'><strong>propter</strong></span> 
     </span>
     <span class='ocr_line' id='line_1_14' title="bbox 189 1174 1762 1231; baseline -0.001 -14"><span class='ocrx_word' id='word_1_112' title='bbox 189 1206 196 1207; x_wconf 26' lang='lat' dir='ltr'><strong>a</strong></span> <span class='ocrx_word' id='word_1_113' title='bbox 219 1178 408 1218; x_wconf 85' lang='lat' dir='ltr'><strong>metrum</strong></span> <span class='ocrx_word' id='word_1_114' title='bbox 438 1178 628 1229; x_wconf 84' lang='lat' dir='ltr'><strong>utraque</strong></span> <span class='ocrx_word' id='word_1_115' title='bbox 666 1174 809 1217; x_wconf 88' lang='lat' dir='ltr'><strong>forma</strong></span> <span class='ocrx_word' id='word_1_116' title='bbox 842 1188 1050 1217; x_wconf 89' lang='lat' dir='ltr'><strong>concessa</strong></span> <span class='ocrx_word' id='word_1_117' title='bbox 1077 1179 1163 1228; x_wconf 80' lang='lat' dir='ltr'><strong>est,</strong></span> <span class='ocrx_word' id='word_1_118' title='bbox 1191 1174 1318 1230; x_wconf 30' lang='lat' dir='ltr'><strong>apud.</strong></span> <span class='ocrx_word' id='word_1_119' title='bbox 1338 1174 1667 1231; x_wconf 73' lang='lat' dir='ltr'><strong>Euripidemet</strong></span> <span class='ocrx_word' id='word_1_120' title='bbox 1692 1187 1762 1217; x_wconf 73' lang='lat' dir='ltr'><strong>re-</strong></span> 
     </span>
     <span class='ocr_line' id='line_1_15' title="bbox 221 1248 1762 1306; baseline 0.001 -14"><span class='ocrx_word' id='word_1_121' title='bbox 221 1250 467 1293; x_wconf 86' lang='lat' dir='ltr'><strong>centiorum</strong></span> <span class='ocrx_word' id='word_1_122' title='bbox 496 1248 714 1293; x_wconf 89' lang='lat' dir='ltr'><strong>editorum</strong></span> <span class='ocrx_word' id='word_1_123' title='bbox 752 1253 798 1293; x_wconf 88' lang='lat' dir='ltr'><strong>et</strong></span> <span class='ocrx_word' id='word_1_124' title='bbox 826 1253 875 1293; x_wconf 89' lang='lat' dir='ltr'><strong>ut</strong></span> <span class='ocrx_word' id='word_1_125' title='bbox 910 1249 1083 1294; x_wconf 83' lang='lat' dir='ltr'><strong>videtur</strong></span> <span class='ocrx_word' id='word_1_126' title='bbox 1122 1253 1317 1293; x_wconf 87' lang='lat' dir='ltr'><strong>veterum</strong></span> <span class='ocrx_word' id='word_1_127' title='bbox 1354 1249 1667 1306; x_wconf 70' lang='lat' dir='ltr'><strong>exemplarium</strong></span> <span class='ocrx_word' id='word_1_128' title='bbox 1698 1250 1762 1293; x_wconf 86' lang='lat' dir='ltr'><strong>in-</strong></span> 
     </span>
     <span class='ocr_line' id='line_1_16' title="bbox 220 1324 1761 1381; baseline 0.002 -13"><span class='ocrx_word' id='word_1_129' title='bbox 220 1326 387 1380; x_wconf 85' lang='lat' dir='ltr'><strong>signem</strong></span> <span class='ocrx_word' id='word_1_130' title='bbox 408 1324 555 1368; x_wconf 84' lang='lat' dir='ltr'><strong>videre</strong></span> <span class='ocrx_word' id='word_1_131' title='bbox 571 1325 675 1367; x_wconf 87' lang='lat' dir='ltr'><strong>licet</strong></span> <span class='ocrx_word' id='word_1_132' title='bbox 697 1325 1040 1380; x_wconf 84' lang='lat' dir='ltr'><strong>discrepantiam</strong></span> <span class='ocrx_word' id='word_1_133' title='bbox 1060 1329 1196 1381; x_wconf 87' lang='lat' dir='ltr'><strong>atque</strong></span> <span class='ocrx_word' id='word_1_134' title='bbox 1209 1326 1562 1369; x_wconf 85' lang='lat' dir='ltr'><strong>inconstantiam.</strong></span> <span class='ocrx_word' id='word_1_135' title='bbox 1598 1325 1761 1371; x_wconf 79' lang='lat' dir='ltr'><strong>Verum</strong></span> 
     </span>
     <span class='ocr_line' id='line_1_17' title="bbox 218 1399 1761 1458; baseline 0 -14"><span class='ocrx_word' id='word_1_136' title='bbox 218 1404 387 1455; x_wconf 82' lang='lat' dir='ltr'><strong>tamen,</strong></span> <span class='ocrx_word' id='word_1_137' title='bbox 427 1400 465 1444; x_wconf 91' lang='lat' dir='ltr'><strong>si</strong></span> <span class='ocrx_word' id='word_1_138' title='bbox 502 1399 768 1455; x_wconf 87' lang='lat' dir='ltr'><strong>Matthiaeo,</strong></span> <span class='ocrx_word' id='word_1_139' title='bbox 808 1399 861 1445; x_wconf 88' lang='lat' dir='ltr'><strong>G.</strong></span> <span class='ocrx_word' id='word_1_140' title='bbox 900 1400 1128 1445; x_wconf 87' lang='lat' dir='ltr'><strong>Dindorfio</strong></span> <span class='ocrx_word' id='word_1_141' title='bbox 1163 1400 1492 1457; x_wconf 89' lang='lat' dir='ltr'><strong>Brunckioque,</strong></span> <span class='ocrx_word' id='word_1_142' title='bbox 1536 1400 1761 1458; x_wconf 88' lang='lat' dir='ltr'><strong>Euripidis</strong></span> 
     </span>
     <span class='ocr_line' id='line_1_18' title="bbox 218 1475 1760 1532; baseline 0.001 -14"><span class='ocrx_word' id='word_1_143' title='bbox 218 1475 463 1523; x_wconf 83' lang='lat' dir='ltr'><strong>editoribus</strong></span> <span class='ocrx_word' id='word_1_144' title='bbox 489 1475 598 1519; x_wconf 88' lang='lat' dir='ltr'><strong>fides</strong></span> <span class='ocrx_word' id='word_1_145' title='bbox 625 1476 843 1519; x_wconf 81' lang='lat' dir='ltr'><strong>habenda</strong></span> <span class='ocrx_word' id='word_1_146' title='bbox 858 1481 948 1529; x_wconf 89' lang='lat' dir='ltr'><strong>est,</strong></span> <span class='ocrx_word' id='word_1_147' title='bbox 976 1477 1060 1532; x_wconf 89' lang='lat' dir='ltr'><strong>ipsi</strong></span> <span class='ocrx_word' id='word_1_148' title='bbox 1088 1490 1262 1532; x_wconf 90' lang='lat' dir='ltr'><strong>quoque</strong></span> <span class='ocrx_word' id='word_1_149' title='bbox 1294 1480 1464 1519; x_wconf 87' lang='lat' dir='ltr'><strong>veteres</strong></span> <span class='ocrx_word' id='word_1_150' title='bbox 1488 1476 1597 1523; x_wconf 74' lang='lat' dir='ltr'><strong>vlibri</strong></span> <span class='ocrx_word' id='word_1_151' title='bbox 1621 1477 1760 1531; x_wconf 80' lang='lat' dir='ltr'><strong>magis</strong></span> 
     </span>
     <span class='ocr_line' id='line_1_19' title="bbox 219 1549 1753 1608; baseline 0 -14"><span class='ocrx_word' id='word_1_152' title='bbox 219 1550 278 1594; x_wconf 89' lang='lat' dir='ltr'><strong>ad</strong></span> <span class='ocrx_word' id='word_1_153' title='bbox 305 1549 352 1601; x_wconf 83' lang='grc' dir='ltr'><strong>ἐς</strong></span> <span class='ocrx_word' id='word_1_154' title='bbox 378 1566 510 1608; x_wconf 84' lang='lat' dir='ltr'><strong>quam</strong></span> <span class='ocrx_word' id='word_1_155' title='bbox 539 1552 596 1595; x_wconf 83' lang='lat' dir='ltr'><strong>ad</strong></span> <span class='ocrx_word' id='word_1_156' title='bbox 623 1554 684 1601; x_wconf 73' lang='grc' dir='ltr'><strong>εἷς</strong></span> <span class='ocrx_word' id='word_1_157' title='bbox 711 1552 923 1595; x_wconf 89' lang='lat' dir='ltr'><strong>inclinare</strong></span> <span class='ocrx_word' id='word_1_158' title='bbox 951 1551 1167 1595; x_wconf 85' lang='lat' dir='ltr'><strong>videntur.</strong></span> <span class='ocrx_word' id='word_1_159' title='bbox 1634 1589 1637 1591; x_wconf 80' lang='grc'>.</span> <span class='ocrx_word' id='word_1_160' title='bbox 1711 1589 1714 1591; x_wconf 88' lang='grc'>.</span> <span class='ocrx_word' id='word_1_161' title='bbox 1750 1561 1753 1564; x_wconf 86' lang='grc'>·</span> 
     </span>
    </p>

    <p class='ocr_par' dir='ltr' id='par_1_4' title="bbox 222 1627 1761 1835">
     <span class='ocr_line' id='line_1_20' title="bbox 341 1627 1760 1684; baseline 0.001 -12"><span class='ocrx_word' id='word_1_162' title='bbox 341 1627 429 1673; x_wconf 85' lang='lat' dir='ltr'><strong>Sed</strong></span> <span class='ocrx_word' id='word_1_163' title='bbox 452 1627 573 1684; x_wconf 83' lang='lat' dir='ltr'><strong>quod</strong></span> <span class='ocrx_word' id='word_1_164' title='bbox 592 1627 755 1676; x_wconf 88' lang='lat' dir='ltr'><strong>Aldina</strong></span> <span class='ocrx_word' id='word_1_165' title='bbox 782 1627 932 1680; x_wconf 89' lang='lat' dir='ltr'><strong>editio,</strong></span> <span class='ocrx_word' id='word_1_166' title='bbox 961 1631 1013 1672; x_wconf 89' lang='lat' dir='ltr'><strong>ut</strong></span> <span class='ocrx_word' id='word_1_167' title='bbox 1031 1627 1114 1672; x_wconf 89' lang='lat' dir='ltr'><strong>hoc</strong></span> <span class='ocrx_word' id='word_1_168' title='bbox 1134 1641 1349 1682; x_wconf 85' lang='lat' dir='ltr'><strong>moneam,</strong></span> <span class='ocrx_word' id='word_1_169' title='bbox 1380 1631 1631 1681; x_wconf 82' lang='lat' dir='ltr'><strong>constanter</strong></span> <span class='ocrx_word' id='word_1_170' title='bbox 1657 1629 1760 1683; x_wconf 82' lang='lat' dir='ltr'><strong>fere,</strong></span> 
     </span>
     <span class='ocr_line' id='line_1_21' title="bbox 222 1703 1761 1763; baseline 0.001 -15"><span class='ocrx_word' id='word_1_171' title='bbox 222 1704 375 1760; x_wconf 88' lang='lat' dir='ltr'><strong>paucis</strong></span> <span class='ocrx_word' id='word_1_172' title='bbox 390 1704 464 1761; x_wconf 81' lang='lat'>¹⁰⁷)</span> <span class='ocrx_word' id='word_1_173' title='bbox 491 1708 667 1747; x_wconf 86' lang='lat' dir='ltr'><strong>tantum</strong></span> <span class='ocrx_word' id='word_1_174' title='bbox 696 1704 902 1761; x_wconf 88' lang='lat' dir='ltr'><strong>exceptis,</strong></span> <span class='ocrx_word' id='word_1_175' title='bbox 928 1703 977 1747; x_wconf 76' lang='grc' dir='ltr'><strong>τὰ</strong></span> <span class='ocrx_word' id='word_1_176' title='bbox 1005 1705 1068 1755; x_wconf 75' lang='grc' dir='ltr'><strong>εἰς</strong></span> <span class='ocrx_word' id='word_1_177' title='bbox 1088 1703 1275 1758; x_wconf 85' lang='lat' dir='ltr'><strong>exhibet,</strong></span> <span class='ocrx_word' id='word_1_178' title='bbox 1297 1703 1410 1748; x_wconf 83' lang='lat' dir='ltr'><strong>hanc</strong></span> <span class='ocrx_word' id='word_1_179' title='bbox 1427 1705 1646 1763; x_wconf 75' lang='lat' dir='ltr'><strong>rationem</strong></span> <span class='ocrx_word' id='word_1_180' title='bbox 1667 1718 1761 1749; x_wconf 87' lang='lat' dir='ltr'><strong>cor-</strong></span> 
     </span>
     <span class='ocr_line' id='line_1_22' title="bbox 223 1779 1761 1835; baseline 0.001 -13"><span class='ocrx_word' id='word_1_181' title='bbox 223 1779 407 1822; x_wconf 85' lang='lat' dir='ltr'><strong>rectoris</strong></span> <span class='ocrx_word' id='word_1_182' title='bbox 444 1779 593 1823; x_wconf 90' lang='lat' dir='ltr'><strong>Aldini</strong></span> <span class='ocrx_word' id='word_1_183' title='bbox 628 1779 854 1823; x_wconf 85' lang='lat' dir='ltr'><strong>sedulitati</strong></span> <span class='ocrx_word' id='word_1_184' title='bbox 893 1780 1064 1835; x_wconf 80' lang='lat' dir='ltr'><strong>potiuS,</strong></span> <span class='ocrx_word' id='word_1_185' title='bbox 1103 1794 1237 1834; x_wconf 86' lang='lat' dir='ltr'><strong>quam</strong></span> <span class='ocrx_word' id='word_1_186' title='bbox 1270 1779 1468 1823; x_wconf 89' lang='lat' dir='ltr'><strong>codicum</strong></span> <span class='ocrx_word' id='word_1_187' title='bbox 1504 1781 1761 1824; x_wconf 81' lang='lat' dir='ltr'><strong>auctoritati</strong></span> 
     </span>
    </p>
   </div>
   <div class='ocr_carea' id='block_1_3' title="bbox 218 2020 1787 2539">
    <p class='ocr_par' dir='ltr' id='par_1_5' title="bbox 218 2020 1787 2539">
     <span class='ocr_line' id='line_1_23' title="bbox 223 2020 1759 2071; baseline -0.001 -11"><span class='ocrx_word' id='word_1_188' title='bbox 223 2026 335 2069; x_wconf 83' lang='lat'>1849,</span> <span class='ocrx_word' id='word_1_189' title='bbox 361 2036 468 2071; x_wconf 87' lang='lat' dir='ltr'><strong>qnam</strong></span> <span class='ocrx_word' id='word_1_190' title='bbox 494 2025 640 2061; x_wconf 86' lang='lat' dir='ltr'><strong>omnino</strong></span> <span class='ocrx_word' id='word_1_191' title='bbox 666 2025 703 2060; x_wconf 90' lang='lat' dir='ltr'><strong>in</strong></span> <span class='ocrx_word' id='word_1_192' title='bbox 728 2024 817 2063; x_wconf 89' lang='lat' dir='ltr'><strong>locis</strong></span> <span class='ocrx_word' id='word_1_193' title='bbox 842 2034 862 2060; x_wconf 90' lang='lat' dir='ltr'><strong>e</strong></span> <span class='ocrx_word' id='word_1_194' title='bbox 887 2024 1069 2070; x_wconf 89' lang='lat' dir='ltr'><strong>Sophocle</strong></span> <span class='ocrx_word' id='word_1_195' title='bbox 1092 2023 1288 2060; x_wconf 83' lang='lat' dir='ltr'><strong>afferendis</strong></span> <span class='ocrx_word' id='word_1_196' title='bbox 1300 2029 1451 2060; x_wconf 81' lang='lat' dir='ltr'><strong>secutus</strong></span> <span class='ocrx_word' id='word_1_197' title='bbox 1477 2027 1581 2067; x_wconf 88' lang='lat' dir='ltr'><strong>sum.)</strong></span> <span class='ocrx_word' id='word_1_198' title='bbox 1610 2020 1759 2071; x_wconf 63' lang='grc' dir='ltr'><strong>ὲςεῖδὸν,</strong></span> 
     </span>
     <span class='ocr_line' id='line_1_24' title="bbox 220 2081 1761 2134; baseline 0 -15"><span class='ocrx_word' id='word_1_199' title='bbox 220 2083 308 2119; x_wconf 78' lang='lat' dir='ltr'><strong>Oed.</strong></span> <span class='ocrx_word' id='word_1_200' title='bbox 339 2083 373 2120; x_wconf 78' lang='lat' dir='ltr'><strong>R</strong></span> <span class='ocrx_word' id='word_1_201' title='bbox 409 2095 441 2117; x_wconf 82' lang='lat' dir='ltr'><strong>v.</strong></span> <span class='ocrx_word' id='word_1_202' title='bbox 469 2082 558 2118; x_wconf 80' lang='lat'>1429</span> <span class='ocrx_word' id='word_1_203' title='bbox 584 2082 809 2134; x_wconf 74' lang='grc' dir='ltr'>ἐςκομίζετε,</span> <span class='ocrx_word' id='word_1_204' title='bbox 839 2081 939 2117; x_wconf 75' lang='lat' dir='ltr'><strong>Aiac.</strong></span> <span class='ocrx_word' id='word_1_205' title='bbox 966 2093 997 2119; x_wconf 86' lang='lat' dir='ltr'><strong>v.</strong></span> <span class='ocrx_word' id='word_1_206' title='bbox 1017 2081 1100 2118; x_wconf 82' lang='grc'>260.</span> <span class='ocrx_word' id='word_1_207' title='bbox 1130 2082 1339 2125; x_wconf 70' lang='grc' dir='ltr'><strong>ἐςλεὺσσεῑν</strong></span> <span class='ocrx_word' id='word_1_208' title='bbox 1366 2082 1535 2128; x_wconf 70' lang='lat' dir='ltr'><strong>(utroque</strong></span> <span class='ocrx_word' id='word_1_209' title='bbox 1559 2082 1638 2122; x_wconf 77' lang='lat' dir='ltr'><strong>loco</strong></span> <span class='ocrx_word' id='word_1_210' title='bbox 1662 2083 1761 2120; x_wconf 73' lang='lat' dir='ltr'><strong>Flor.</strong></span> 
     </span>
     <span class='ocr_line' id='line_1_25' title="bbox 221 2139 1760 2191; baseline -0.003 -11"><span class='ocrx_word' id='word_1_211' title='bbox 221 2140 260 2182; x_wconf 92' lang='grc' dir='ltr'><strong>Γ.</strong></span> <span class='ocrx_word' id='word_1_212' title='bbox 285 2141 366 2191; x_wconf 83' lang='grc' dir='ltr'><strong>εἰς.)</strong></span> <span class='ocrx_word' id='word_1_213' title='bbox 416 2140 553 2176; x_wconf 85' lang='lat' dir='ltr'><strong>Contra</strong></span> <span class='ocrx_word' id='word_1_214' title='bbox 581 2150 667 2176; x_wconf 89' lang='lat' dir='ltr'><strong>vero</strong></span> <span class='ocrx_word' id='word_1_215' title='bbox 692 2140 734 2176; x_wconf 70' lang='lat' dir='ltr'><strong>in</strong></span> <span class='ocrx_word' id='word_1_216' title='bbox 762 2140 813 2183; x_wconf 79' lang='grc' dir='ltr'><strong>εἰς</strong></span> <span class='ocrx_word' id='word_1_217' title='bbox 844 2139 927 2175; x_wconf 87' lang='lat' dir='ltr'><strong>libri</strong></span> <span class='ocrx_word' id='word_1_218' title='bbox 961 2141 1166 2178; x_wconf 77' lang='lat' dir='ltr'><strong>consentire</strong></span> <span class='ocrx_word' id='word_1_219' title='bbox 1200 2140 1385 2177; x_wconf 82' lang='lat' dir='ltr'><strong>videntur:</strong></span> <span class='ocrx_word' id='word_1_220' title='bbox 1423 2140 1510 2178; x_wconf 86' lang='lat' dir='ltr'><strong>Oed.</strong></span> <span class='ocrx_word' id='word_1_221' title='bbox 1542 2140 1583 2177; x_wconf 90' lang='lat' dir='ltr'><strong>R.</strong></span> <span class='ocrx_word' id='word_1_222' title='bbox 1618 2152 1638 2174; x_wconf 86' lang='lat' dir='ltr'>v</span> <span class='ocrx_word' id='word_1_223' title='bbox 1681 2140 1760 2177; x_wconf 81' lang='lat'><strong>238.</strong></span> 
     </span>
     <span class='ocr_line' id='line_1_26' title="bbox 220 2197 1761 2251; baseline 0 -18"><span class='ocrx_word' id='word_1_224' title='bbox 220 2197 474 2251; x_wconf 77' lang='grc' dir='ltr'>εἰςδέχεσθαι;</span> <span class='ocrx_word' id='word_1_225' title='bbox 501 2197 587 2234; x_wconf 87' lang='lat' dir='ltr'><strong>ibid.</strong></span> <span class='ocrx_word' id='word_1_226' title='bbox 613 2210 643 2232; x_wconf 88' lang='lat' dir='ltr'><strong>v.</strong></span> <span class='ocrx_word' id='word_1_227' title='bbox 664 2199 742 2232; x_wconf 88' lang='lat'>705.</span> <span class='ocrx_word' id='word_1_228' title='bbox 761 2198 980 2250; x_wconf 78' lang='grc' dir='ltr'>εἰςπέμψας,</span> <span class='ocrx_word' id='word_1_229' title='bbox 1008 2200 1110 2235; x_wconf 84' lang='lat' dir='ltr'><strong>Aiac.</strong></span> <span class='ocrx_word' id='word_1_230' title='bbox 1127 2212 1159 2234; x_wconf 86' lang='lat' dir='ltr'><strong>v.</strong></span> <span class='ocrx_word' id='word_1_231' title='bbox 1173 2201 1229 2234; x_wconf 87' lang='lat'><strong>55.</strong></span> <span class='ocrx_word' id='word_1_232' title='bbox 1257 2199 1448 2246; x_wconf 77' lang='grc' dir='ltr'>εἶςπεσών,</span> <span class='ocrx_word' id='word_1_233' title='bbox 1474 2199 1593 2235; x_wconf 85' lang='lat' dir='ltr'><strong>Traeh</strong></span> <span class='ocrx_word' id='word_1_234' title='bbox 1631 2210 1663 2233; x_wconf 79' lang='lat' dir='ltr'><strong>v,</strong></span> <span class='ocrx_word' id='word_1_235' title='bbox 1681 2200 1761 2237; x_wconf 80' lang='lat'><strong>376,</strong></span> 
     </span>
     <span class='ocr_line' id='line_1_27' title="bbox 220 2254 1762 2308; baseline -0.001 -15"><span class='ocrx_word' id='word_1_236' title='bbox 220 2254 452 2308; x_wconf 75' lang='grc' dir='ltr'>εἶςδέδεγμαι</span> <span class='ocrx_word' id='word_1_237' title='bbox 489 2254 579 2293; x_wconf 70' lang='grc' dir='ltr'><strong>Οθᾶ.</strong></span> <span class='ocrx_word' id='word_1_238' title='bbox 618 2254 693 2292; x_wconf 87' lang='lat' dir='ltr'><strong>Col.</strong></span> <span class='ocrx_word' id='word_1_239' title='bbox 733 2267 765 2291; x_wconf 79' lang='lat' dir='ltr'><strong>v.</strong></span> <span class='ocrx_word' id='word_1_240' title='bbox 809 2257 889 2292; x_wconf 83' lang='lat'><strong>915.</strong></span> <span class='ocrx_word' id='word_1_241' title='bbox 925 2256 1171 2304; x_wconf 75' lang='grc' dir='ltr'><strong>ἑπειςπεσών,</strong></span> <span class='ocrx_word' id='word_1_242' title='bbox 1210 2255 1243 2292; x_wconf 79' lang='lat' dir='ltr'><strong>fr</strong></span> <span class='ocrx_word' id='word_1_243' title='bbox 1290 2255 1414 2293; x_wconf 71' lang='lat' dir='ltr'><strong>Inach.</strong></span> <span class='ocrx_word' id='word_1_244' title='bbox 1455 2256 1518 2301; x_wconf 87' lang='lat' dir='ltr'><strong>III,</strong></span> <span class='ocrx_word' id='word_1_245' title='bbox 1560 2257 1583 2292; x_wconf 81' lang='grc'>2</span> <span class='ocrx_word' id='word_1_246' title='bbox 1610 2256 1762 2302; x_wconf 75' lang='grc'><strong>(2570.)</strong></span> 
     </span>
     <span class='ocr_line' id='line_1_28' title="bbox 218 2313 1760 2360; baseline 0 -9"><span class='ocrx_word' id='word_1_247' title='bbox 218 2313 475 2358; x_wconf 58' lang='lat' dir='ltr'><strong>&amp;miani-rtet:</strong></span> <span class='ocrx_word' id='word_1_248' title='bbox 506 2317 594 2349; x_wconf 80' lang='lat' dir='ltr'><strong>ante</strong></span> <span class='ocrx_word' id='word_1_249' title='bbox 637 2314 781 2349; x_wconf 79' lang='lat' dir='ltr'><strong>vocales</strong></span> <span class='ocrx_word' id='word_1_250' title='bbox 821 2314 860 2349; x_wconf 89' lang='lat' dir='ltr'><strong>in</strong></span> <span class='ocrx_word' id='word_1_251' title='bbox 892 2314 989 2350; x_wconf 84' lang='lat' dir='ltr'><strong>thesi</strong></span> <span class='ocrx_word' id='word_1_252' title='bbox 1026 2314 1220 2360; x_wconf 83' lang='lat' dir='ltr'><strong>imparium</strong></span> <span class='ocrx_word' id='word_1_253' title='bbox 1260 2314 1395 2351; x_wconf 75' lang='lat' dir='ltr'><strong>senarii</strong></span> <span class='ocrx_word' id='word_1_254' title='bbox 1426 2313 1565 2351; x_wconf 79' lang='lat' dir='ltr'><strong>sedium</strong></span> <span class='ocrx_word' id='word_1_255' title='bbox 1595 2314 1683 2351; x_wconf 82' lang='lat' dir='ltr'><strong>Oed.</strong></span> <span class='ocrx_word' id='word_1_256' title='bbox 1718 2315 1760 2351; x_wconf 85' lang='lat' dir='ltr'><strong>R.</strong></span> 
     </span>
     <span class='ocr_line' id='line_1_29' title="bbox 218 2369 1761 2424; baseline 0.001 -19"><span class='ocrx_word' id='word_1_257' title='bbox 218 2380 252 2406; x_wconf 86' lang='lat' dir='ltr'><strong>v.</strong></span> <span class='ocrx_word' id='word_1_258' title='bbox 278 2370 379 2408; x_wconf 56' lang='lat'><strong>1244</strong></span> <span class='ocrx_word' id='word_1_259' title='bbox 406 2370 499 2408; x_wconf 82' lang='lat' dir='ltr'><strong>Oed.</strong></span> <span class='ocrx_word' id='word_1_260' title='bbox 523 2369 601 2407; x_wconf 87' lang='lat' dir='ltr'><strong>Col.</strong></span> <span class='ocrx_word' id='word_1_261' title='bbox 625 2382 658 2407; x_wconf 76' lang='lat' dir='ltr'><strong>v·</strong></span> <span class='ocrx_word' id='word_1_262' title='bbox 682 2371 753 2407; x_wconf 80' lang='lat'><strong>372</strong></span> <span class='ocrx_word' id='word_1_263' title='bbox 788 2372 867 2408; x_wconf 80' lang='lat'><strong>907.</strong></span> <span class='ocrx_word' id='word_1_264' title='bbox 893 2371 1010 2408; x_wconf 79' lang='lat' dir='ltr'><strong>Elect.</strong></span> <span class='ocrx_word' id='word_1_265' title='bbox 1041 2383 1075 2407; x_wconf 79' lang='lat' dir='ltr'><strong>V.</strong></span> <span class='ocrx_word' id='word_1_266' title='bbox 1098 2371 1180 2407; x_wconf 83' lang='lat'><strong>685.</strong></span> <span class='ocrx_word' id='word_1_267' title='bbox 1205 2372 1283 2408; x_wconf 88' lang='grc'><strong>700.</strong></span> <span class='ocrx_word' id='word_1_268' title='bbox 1310 2371 1476 2424; x_wconf 70' lang='grc' dir='ltr'>εἰςῆλθεε</span> <span class='ocrx_word' id='word_1_269' title='bbox 1501 2370 1596 2406; x_wconf 86' lang='lat' dir='ltr'><strong>Phil.</strong></span> <span class='ocrx_word' id='word_1_270' title='bbox 1621 2382 1655 2405; x_wconf 82' lang='lat' dir='ltr'><strong>v,</strong></span> <span class='ocrx_word' id='word_1_271' title='bbox 1681 2372 1761 2407; x_wconf 81' lang='lat'><strong>953.</strong></span> 
     </span>
     <span class='ocr_line' id='line_1_30' title="bbox 220 2426 1787 2481; baseline 0.001 -17"><span class='ocrx_word' id='word_1_272' title='bbox 220 2426 353 2480; x_wconf 77' lang='grc' dir='ltr'><strong>εἷ’ςειμι</strong></span> <span class='ocrx_word' id='word_1_273' title='bbox 378 2427 438 2474; x_wconf 75' lang='lat' dir='ltr'><strong>(ad</strong></span> <span class='ocrx_word' id='word_1_274' title='bbox 471 2428 506 2464; x_wconf 86' lang='lat' dir='ltr'><strong>h.</strong></span> <span class='ocrx_word' id='word_1_275' title='bbox 538 2429 563 2466; x_wconf 85' lang='grc'><strong>1.</strong></span> <span class='ocrx_word' id='word_1_276' title='bbox 586 2428 756 2466; x_wconf 79' lang='lat' dir='ltr'><strong>Dindorf.</strong></span> <span class='ocrx_word' id='word_1_277' title='bbox 783 2428 927 2481; x_wconf 58' lang='grc' dir='ltr'>’,ἔςειμι</span> <span class='ocrx_word' id='word_1_278' title='bbox 966 2428 1096 2466; x_wconf 77' lang='lat' dir='ltr'><strong>Suidas</strong></span> <span class='ocrx_word' id='word_1_279' title='bbox 1129 2438 1155 2464; x_wconf 86' lang='lat' dir='ltr'><strong>S.</strong></span> <span class='ocrx_word' id='word_1_280' title='bbox 1188 2440 1221 2465; x_wconf 78' lang='lat' dir='ltr'><strong>V.</strong></span> <span class='ocrx_word' id='word_1_281' title='bbox 1249 2427 1378 2478; x_wconf 75' lang='grc' dir='ltr'>αὖθις,</span> <span class='ocrx_word' id='word_1_282' title='bbox 1415 2428 1512 2476; x_wconf 83' lang='lat' dir='ltr'><strong>quod</strong></span> <span class='ocrx_word' id='word_1_283' title='bbox 1540 2433 1628 2465; x_wconf 75' lang='lat' dir='ltr'><strong>vett.</strong></span> <span class='ocrx_word' id='word_1_284' title='bbox 1659 2428 1787 2468; x_wconf 52' lang='lat' dir='ltr'><strong>edith*</strong></span> 
     </span>
     <span class='ocr_line' id='line_1_31' title="bbox 220 2485 806 2539; baseline 0.002 -18"><span class='ocrx_word' id='word_1_285' title='bbox 220 2485 332 2521; x_wconf 83' lang='lat' dir='ltr'><strong>etiam</strong></span> <span class='ocrx_word' id='word_1_286' title='bbox 356 2496 383 2521; x_wconf 87' lang='lat' dir='ltr'><strong>s.</strong></span> <span class='ocrx_word' id='word_1_287' title='bbox 408 2497 442 2521; x_wconf 86' lang='lat' dir='ltr'><strong>v.</strong></span> <span class='ocrx_word' id='word_1_288' title='bbox 467 2486 577 2539; x_wconf 83' lang='grc' dir='ltr'>ψιλός</span> <span class='ocrx_word' id='word_1_289' title='bbox 601 2486 806 2532; x_wconf 75' lang='lat' dir='ltr'><strong>praebent.)</strong></span> 
     </span>
    </p>
   </div>
   <div class='ocr_carea' id='block_1_4' title="bbox 218 2555 1762 2885">
    <p class='ocr_par' dir='ltr' id='par_1_6' title="bbox 218 2555 1762 2885">
     <span class='ocr_line' id='line_1_32' title="bbox 344 2555 1761 2604; baseline 0.004 -13"><span class='ocrx_word' id='word_1_290' title='bbox 344 2556 399 2602; x_wconf 81' lang='lat'><strong>¹⁰⁷)</strong></span> <span class='ocrx_word' id='word_1_291' title='bbox 423 2556 525 2593; x_wconf 87' lang='lat' dir='ltr'><strong>velut</strong></span> <span class='ocrx_word' id='word_1_292' title='bbox 547 2555 664 2592; x_wconf 84' lang='lat' dir='ltr'><strong>Orest.</strong></span> <span class='ocrx_word' id='word_1_293' title='bbox 689 2569 723 2592; x_wconf 87' lang='lat' dir='ltr'><strong>v.</strong></span> <span class='ocrx_word' id='word_1_294' title='bbox 749 2558 804 2593; x_wconf 87' lang='lat'><strong>59.</strong></span> <span class='ocrx_word' id='word_1_295' title='bbox 831 2557 882 2602; x_wconf 88' lang='lat' dir='ltr'><strong>(in</strong></span> <span class='ocrx_word' id='word_1_296' title='bbox 907 2556 996 2594; x_wconf 86' lang='lat' dir='ltr'><strong>locis</strong></span> <span class='ocrx_word' id='word_1_297' title='bbox 1020 2566 1066 2593; x_wconf 84' lang='lat' dir='ltr'><strong>ex</strong></span> <span class='ocrx_word' id='word_1_298' title='bbox 1091 2557 1269 2604; x_wconf 86' lang='lat' dir='ltr'><strong>Euripide</strong></span> <span class='ocrx_word' id='word_1_299' title='bbox 1293 2558 1451 2595; x_wconf 85' lang='lat' dir='ltr'><strong>citandis</strong></span> <span class='ocrx_word' id='word_1_300' title='bbox 1474 2558 1517 2595; x_wconf 85' lang='lat' dir='ltr'><strong>G.</strong></span> <span class='ocrx_word' id='word_1_301' title='bbox 1536 2557 1761 2596; x_wconf 79' lang='lat' dir='ltr'><strong>Dindorfium</strong></span> 
     </span>
     <span class='ocr_line' id='line_1_33' title="bbox 218 2613 1762 2668; baseline 0.003 -18"><span class='ocrx_word' id='word_1_302' title='bbox 218 2613 365 2650; x_wconf 87' lang='lat' dir='ltr'><strong>omnino</strong></span> <span class='ocrx_word' id='word_1_303' title='bbox 400 2617 562 2659; x_wconf 85' lang='lat' dir='ltr'><strong>sequor.)</strong></span> <span class='ocrx_word' id='word_1_304' title='bbox 613 2613 748 2649; x_wconf 81' lang='lat' dir='ltr'><strong>Aldina</strong></span> <span class='ocrx_word' id='word_1_305' title='bbox 780 2613 893 2649; x_wconf 81' lang='lat' dir='ltr'><strong>tradit</strong></span> <span class='ocrx_word' id='word_1_306' title='bbox 917 2614 955 2657; x_wconf 78' lang='grc' dir='ltr'><strong>ἐς</strong></span> <span class='ocrx_word' id='word_1_307' title='bbox 986 2615 1191 2668; x_wconf 74' lang='grc' dir='ltr'><strong>πέτρων,,,</strong></span> <span class='ocrx_word' id='word_1_308' title='bbox 1230 2615 1314 2650; x_wconf 91' lang='lat' dir='ltr'><strong>ibid.</strong></span> <span class='ocrx_word' id='word_1_309' title='bbox 1340 2627 1371 2649; x_wconf 84' lang='lat' dir='ltr'><strong>v.</strong></span> <span class='ocrx_word' id='word_1_310' title='bbox 1409 2617 1454 2651; x_wconf 85' lang='lat'><strong>63</strong></span> <span class='ocrx_word' id='word_1_311' title='bbox 1488 2621 1525 2652; x_wconf 84' lang='lat' dir='ltr'><strong>et</strong></span> <span class='ocrx_word' id='word_1_312' title='bbox 1556 2628 1588 2651; x_wconf 87' lang='lat' dir='ltr'><strong>v.</strong></span> <span class='ocrx_word' id='word_1_313' title='bbox 1619 2618 1698 2652; x_wconf 84' lang='grc'><strong>378.</strong></span> <span class='ocrx_word' id='word_1_314' title='bbox 1725 2618 1762 2658; x_wconf 78' lang='grc' dir='ltr'><strong>ἐς</strong></span> 
     </span>
     <span class='ocr_line' id='line_1_34' title="bbox 219 2671 1761 2727; baseline 0.003 -22"><span class='ocrx_word' id='word_1_315' title='bbox 219 2671 373 2725; x_wconf 66' lang='lat' dir='ltr'><strong>Tpm&#39;w.</strong></span> <span class='ocrx_word' id='word_1_316' title='bbox 401 2683 432 2706; x_wconf 82' lang='lat' dir='ltr'><strong>v.</strong></span> <span class='ocrx_word' id='word_1_317' title='bbox 450 2672 529 2707; x_wconf 82' lang='lat'><strong>749.</strong></span> <span class='ocrx_word' id='word_1_318' title='bbox 548 2671 586 2715; x_wconf 80' lang='grc' dir='ltr'><strong>ἐς</strong></span> <span class='ocrx_word' id='word_1_319' title='bbox 605 2672 725 2717; x_wconf 73' lang='grc' dir='ltr'>ποίαν,</span> <span class='ocrx_word' id='word_1_320' title='bbox 751 2684 784 2708; x_wconf 83' lang='lat' dir='ltr'><strong>v.</strong></span> <span class='ocrx_word' id='word_1_321' title='bbox 805 2672 904 2709; x_wconf 79' lang='lat'><strong>1252.</strong></span> <span class='ocrx_word' id='word_1_322' title='bbox 925 2673 962 2716; x_wconf 77' lang='grc' dir='ltr'><strong>ἐς</strong></span> <span class='ocrx_word' id='word_1_323' title='bbox 980 2674 1172 2727; x_wconf 75' lang='grc' dir='ltr'><strong>φρουράν;’</strong></span> <span class='ocrx_word' id='word_1_324' title='bbox 1191 2673 1276 2709; x_wconf 87' lang='lat' dir='ltr'><strong>item</strong></span> <span class='ocrx_word' id='word_1_325' title='bbox 1294 2674 1331 2717; x_wconf 76' lang='grc' dir='ltr'><strong>ἐς</strong></span> <span class='ocrx_word' id='word_1_326' title='bbox 1349 2678 1494 2720; x_wconf 84' lang='lat' dir='ltr'><strong>praeter</strong></span> <span class='ocrx_word' id='word_1_327' title='bbox 1510 2674 1761 2710; x_wconf 78' lang='lat' dir='ltr'><strong>necessitatem</strong></span> 
     </span>
     <span class='ocr_line' id='line_1_35' title="bbox 223 2730 1761 2778; baseline 0.001 -13"><span class='ocrx_word' id='word_1_328' title='bbox 223 2730 329 2766; x_wconf 84' lang='lat' dir='ltr'><strong>metri</strong></span> <span class='ocrx_word' id='word_1_329' title='bbox 353 2730 491 2765; x_wconf 87' lang='lat' dir='ltr'><strong>Phoen.</strong></span> <span class='ocrx_word' id='word_1_330' title='bbox 518 2742 549 2764; x_wconf 89' lang='lat' dir='ltr'><strong>v.</strong></span> <span class='ocrx_word' id='word_1_331' title='bbox 575 2731 630 2764; x_wconf 80' lang='lat'><strong>38.</strong></span> <span class='ocrx_word' id='word_1_332' title='bbox 656 2742 687 2764; x_wconf 85' lang='lat' dir='ltr'><strong>v.</strong></span> <span class='ocrx_word' id='word_1_333' title='bbox 715 2730 793 2765; x_wconf 79' lang='lat'><strong>276.</strong></span> <span class='ocrx_word' id='word_1_334' title='bbox 819 2731 895 2766; x_wconf 83' lang='lat'><strong>598.</strong></span> <span class='ocrx_word' id='word_1_335' title='bbox 924 2733 990 2766; x_wconf 90' lang='grc'><strong>771</strong></span> <span class='ocrx_word' id='word_1_336' title='bbox 1021 2732 1099 2766; x_wconf 83' lang='lat'><strong>981.</strong></span> <span class='ocrx_word' id='word_1_337' title='bbox 1128 2730 1301 2766; x_wconf 88' lang='lat' dir='ltr'><strong>Androm.</strong></span> <span class='ocrx_word' id='word_1_338' title='bbox 1326 2743 1361 2767; x_wconf 87' lang='lat' dir='ltr'><strong>v.</strong></span> <span class='ocrx_word' id='word_1_339' title='bbox 1386 2734 1430 2767; x_wconf 82' lang='lat'><strong>55</strong></span> <span class='ocrx_word' id='word_1_340' title='bbox 1467 2732 1640 2778; x_wconf 81' lang='lat' dir='ltr'><strong>275.·1ph</strong></span> <span class='ocrx_word' id='word_1_341' title='bbox 1678 2732 1761 2768; x_wconf 85' lang='lat' dir='ltr'><strong>Aul.</strong></span> 
     </span>
     <span class='ocr_line' id='line_1_36' title="bbox 218 2787 1761 2836; baseline 0.003 -15"><span class='ocrx_word' id='word_1_342' title='bbox 218 2798 250 2822; x_wconf 89' lang='lat' dir='ltr'><strong>v.</strong></span> <span class='ocrx_word' id='word_1_343' title='bbox 283 2788 362 2825; x_wconf 78' lang='lat'><strong>619.</strong></span> <span class='ocrx_word' id='word_1_344' title='bbox 394 2787 463 2825; x_wconf 79' lang='lat'><strong>720</strong></span> <span class='ocrx_word' id='word_1_345' title='bbox 488 2787 613 2825; x_wconf 73' lang='lat' dir='ltr'><strong>,Rhes</strong></span> <span class='ocrx_word' id='word_1_346' title='bbox 642 2799 673 2822; x_wconf 88' lang='lat' dir='ltr'><strong>v.</strong></span> <span class='ocrx_word' id='word_1_347' title='bbox 705 2788 898 2835; x_wconf 58' lang='lat' dir='ltr'><strong>adflasti.</strong></span> <span class='ocrx_word' id='word_1_348' title='bbox 939 2800 981 2824; x_wconf 16' lang='lat' dir='ltr'><strong>v..</strong></span> <span class='ocrx_word' id='word_1_349' title='bbox 1005 2790 1084 2834; x_wconf 78' lang='lat'><strong>315.</strong></span> <span class='ocrx_word' id='word_1_350' title='bbox 1115 2789 1196 2825; x_wconf 81' lang='lat'><strong>375.</strong></span> <span class='ocrx_word' id='word_1_351' title='bbox 1227 2790 1306 2825; x_wconf 87' lang='grc'><strong>776.</strong></span> <span class='ocrx_word' id='word_1_352' title='bbox 1333 2808 1376 2816; x_wconf 91' lang='grc'><strong>-</strong></span> <span class='ocrx_word' id='word_1_353' title='bbox 1401 2788 1577 2836; x_wconf 83' lang='lat' dir='ltr'><strong>Hippolyt</strong></span> <span class='ocrx_word' id='word_1_354' title='bbox 1619 2801 1650 2824; x_wconf 86' lang='lat' dir='ltr'><strong>v.</strong></span> <span class='ocrx_word' id='word_1_355' title='bbox 1683 2792 1761 2826; x_wconf 84' lang='lat'><strong>714.</strong></span> 
     </span>
     <span class='ocr_line' id='line_1_37' title="bbox 219 2845 1704 2885; baseline 0 -4"><span class='ocrx_word' id='word_1_356' title='bbox 219 2846 353 2882; x_wconf 76' lang='lat' dir='ltr'><strong>Alcest.</strong></span> <span class='ocrx_word' id='word_1_357' title='bbox 379 2858 411 2881; x_wconf 65' lang='grc' dir='ltr'><strong>τ.</strong></span> <span class='ocrx_word' id='word_1_358' title='bbox 437 2845 519 2885; x_wconf 75' lang='lat'><strong>321.</strong></span> <span class='ocrx_word' id='word_1_359' title='bbox 544 2858 577 2883; x_wconf 74' lang='lat' dir='ltr'><strong>v,</strong></span> <span class='ocrx_word' id='word_1_360' title='bbox 604 2846 683 2882; x_wconf 79' lang='lat'><strong>828.</strong></span> <span class='ocrx_word' id='word_1_361' title='bbox 710 2867 754 2873; x_wconf 92' lang='lat'>—</span> <span class='ocrx_word' id='word_1_362' title='bbox 1702 2879 1704 2881; x_wconf 82' lang='grc'>.</span> 
     </span>
    </p>
   </div>
  </div>
 </body>
</html>
