1963 3126
833 142 1125 182 —11-

213 283 356 341 Vulgo
384 283 499 327 enim
526 282 765 327 secundum
800 281 1029 327 Strabonis
1058 282 1117 342 (V
1117 282 1194 326 111.
1215 296 1257 339 p.
1281 282 1399 340 513.)
1437 283 1742 327 auctoritatem

212 360 338 402 varia
351 358 556 403 Aeolicae
570 358 750 401 dialecti
766 362 1078 407 enumerantur
1094 372 1268 413 genera,
1289 361 1341 400 ut
1355 357 1538 401 Aeolum
1560 358 1740 401 Asiano-

211 441 311 477 rum
326 432 404 491 (ad
419 447 529 490 quos
543 431 708 477 Lesbos
727 432 872 477 insula
890 420 1083 488 pertinet
1103 436 1147 476 et
1159 432 1302 476 vicina
1313 431 1506 475 Aeolidis
1523 431 1742 476 Asiaticae

212 506 334 567 ora),
365 509 650 562 Boeotorum,
673 507 999 562 Thessalorum,
1027 507 1255 562 Eleorum,
1278 506 1520 561 Arcadum,
1547 506 1742 550 Phocen-

216 583 347 638 sium,
386 583 678 640 Delphorum,
715 573 970 639 Aetolorum
996 578 1271 644 aliorumque
1294 582 1618 629 nonnullorum.
1657 580 1742 624 Sed

211 657 450 701 Ahrensius
465 659 494 703 1.
511 673 547 701 c.
566 658 600 701 Ι.
617 660 653 715 ἓ.
673 662 726 701 52
744 662 788 702 et
805 660 841 715 ξ.
860 661 914 701 53
926 658 1020 714 jam
1037 658 1205 712 docuit,
1223 659 1270 701 in
1283 658 1490 701 Eleorum
1505 656 1742 700 Arcadum-

212 746 297 788 que
313 732 512 776 dialectis
527 728 636 776 n‘ihil
651 734 805 787 inesse,
823 747 900 775 cur
915 732 1118 777 Aeolicae
1138 733 1285 789 potius
1307 747 1439 787 quam
1459 732 1645 775 Doricae
1666 730 1743 773 ad-

210 810 566 861 numerarentur;
589 811 722 864 atque
743 807 860 866 idem
879 808 908 850 1.
931 821 966 850 c.
983 807 1017 850 Ι.
1034 809 1071 865 ξ.
1093 811 1112 850 1
1129 842 1139 861 ,
1166 811 1201 850 1.
1224 807 1440 860 ostendit,
1470 810 1621 862 gentes
1642 806 1741 848 illas

211 883 566 939 septentrionalis
595 881 850 941 Graeciae7)
875 897 963 927 non
989 886 1108 928 recte
1136 898 1164 927 a
1192 882 1406 927 Strabone
1434 882 1487 926 ad
1518 881 1740 925 Aeolicam

211 958 395 1013 stirpem
422 958 600 1012 referri3
625 972 765 1014 neque
795 958 974 1002 meliore
995 958 1095 1014 jure
1123 972 1273 1001 earum
1301 957 1512 1001 dialectos
1540 956 1740 1001 Aeolicas

207 1031 359 1075 haberi
390 1047 443 1076 ex
477 1033 670 1089 ejusdem
697 1032 899 1076 Ahrensii
928 1032 1041 1076 libro
1077 1032 1131 1078 de
1165 1032 1367 1075 dialectis
1401 1032 1435 1075 Ι.
1465 1034 1501 1088 ἓ.
1531 1034 1587 1073 54
1613 1034 1657 1074 et
1681 1030 1739 1075 ΙΙ.

209 1108 395 1163 passim,
425 1108 532 1151 satis
559 1122 777 1164 superque
804 1101 1002 1164 apparet.

326 1182 433 1225 Tres
470 1183 606 1237 igitur
638 1183 941 1226 tantummodo
974 1183 1126 1239 populi
1160 1186 1327 1226 restare
1361 1182 1589 1233 videntur,
1633 1195 1741 1237 quos

211 1257 377 1313 optimo
404 1256 503 1312 jure
538 1260 733 1301 statuere
768 1258 875 1300 licet
910 1261 956 1300 et
982 1257 1185 1301 Aeolicae
1218 1257 1351 1301 fuisse
1380 1256 1532 1313 stirpis
1559 1259 1603 1299 et
1630 1256 1741 1299 Aeo-

210 1331 293 1375 lice
313 1331 487 1375 locutos
510 1346 626 1385 esse3
649 1332 741 1375 scil.
764 1332 920 1376 Aeoles
941 1332 1116 1386 Asiani,
1138 1332 1312 1385 Boeoti,
1329 1331 1546 1384 Thessali;
1565 1330 1601 1388 ⁸)
1623 1329 1742 1386 apud

212 1421 320 1463 quos
337 1410 485 1451 tamen
505 1407 625 1464 ipsos
645 1407 753 1451 nihil
775 1411 842 1451 est
859 1406 1145 1452 dubitationis
1156 1443 1165 1461 ‚
1190 1408 1293 1463 quin
1310 1407 1573 1460 Aeolismus,
1591 1419 1742 1462 quam-

212 1497 345 1538 quam
372 1484 629 1537 communis,
658 1483 774 1526 idem
800 1486 948 1526 tamen
976 1497 1064 1526 non
1091 1482 1241 1536 fuerit,
1272 1482 1367 1536 sed,
1403 1497 1484 1538 pro
1511 1482 1741 1525 nationum

210 1557 460 1601 discrimine
498 1561 544 1601 et
578 1562 797 1601 terrarum
810 1592 820 1612 ,
853 1558 1021 1601 variam
1058 1559 1245 1604 traxerit
1281 1558 1493 1610 indolem,
1528 1557 1664 1600 aliam
1695 1555 1741 1598 in

213 1632 407 1686 Boeotia,
429 1632 562 1676 aliam
582 1633 627 1676 in
649 1633 888 1687 Thessalia,
910 1632 1041 1676 aliam
1061 1633 1107 1676 in
1128 1632 1267 1676 Lesbo
1291 1635 1335 1675 et
1347 1632 1526 1675 Aeolide
1542 1631 1691 1684 Asiae3
1705 1631 1740 1687 ⁹)

211 1721 300 1762 qua
317 1707 371 1750 de
392 1722 440 1751 re
461 1707 659 1751 conferas
674 1707 876 1750 Ahrensii
894 1706 1056 1754 librum
1082 1707 1178 1760 „DE
1208 1707 1464 1749 DIALEGTO
1490 1706 1736 1749 AEOLICA.“

209 1808 267 1814 —
288 1782 360 1826 Sic
380 1782 516 1837 igitur
537 1782 673 1825 etiam
694 1783 740 1825 in
759 1782 1082 1838 praepositione
1103 1786 1254 1825 nostra
1275 1782 1507 1825 scribenda
1528 1785 1619 1825 tres
1638 1781 1741 1824 illae

210 1859 362 1913 gentes
382 1857 481 1914 plus
501 1858 697 1901 minusve
717 1857 885 1901 variam
905 1860 1082 1900 secutae
1111 1861 1213 1900 sunt
1233 1857 1472 1911 rationem,
1502 1871 1614 1913 quae
1636 1870 1742 1913 qua-

208 1932 264 1976 lis
292 1932 410 1989 apud
436 1947 788 1989 unamquamque
823 1946 974 1976 earum
1009 1931 1143 1976 fuerit
1170 1932 1263 1988 jam
1291 1933 1540 1977 accuratius
1567 1932 1742 1976 investi-

210 2006 420 2063 gabimus.

324 2134 394 2177 Ad
421 2135 606 2178 Asianos
632 2135 768 2191 igitur
795 2135 950 2179 Aeoles
976 2135 1165 2191 primum
1193 2135 1310 2191 quod
1337 2136 1519 2189 attinet,
1557 2149 1744 2191 quorum

209 2209 421 2253 dialectus
449 2225 476 2254 a
503 2211 799 2265 grammaticis
826 2210 1100 2266 potissimum
1127 2211 1304 2255 Aeolica
1338 2215 1542 2265 vocatur,
1581 2212 1743 2267 quippe

331 2367 357 2403 ⁷)
380 2371 421 2401 ut
437 2367 654 2412 Phocenses,
678 2368 852 2414 Delphos,
876 2362 1038 2412 Aetolos,
1064 2368 1211 2411 Locros,
1235 2372 1418 2413 postremo
1434 2368 1740 2409 Thaumacenses‚

210 2422 272 2469 qui
295 2427 351 2459 est
374 2424 595 2461 Phthiotidis
619 2426 786 2472 populus.
812 2447 859 2452 —

325 2494 356 2536 ⁸)
382 2492 426 2529 cf.
460 2493 504 2529 G.
540 2493 701 2530 Curtium
731 2495 899 2539 „Griech.
930 2495 1125 2531 Grammat.
1152 2498 1199 2540 (7.
1225 2494 1321 2531 Aufl.
1346 2495 1443 2540 Prag
1471 2494 1575 2539 1866)
1600 2493 1739 2541 Einltg.

210 2550 246 2587 S.
272 2550 328 2589 2.‘⁴
353 2554 390 2587 et
405 2550 449 2588 L.
465 2551 601 2589 Hirzel.
625 2552 722 2597 „Zur
736 2553 1002 2599 Beurtheilung
1026 2553 1061 2589 d.
1085 2552 1176 2590 aeol.
1192 2552 1276 2589 dial.
1303 2552 1475 2597 «Leipzig
1500 2544 1605 2597 1862)
1622 2552 1658 2588 S.
1684 2553 1740 2587 1.“

208 2611 245 2642 et
268 2608 442 2645 Mullach.
466 2609 623 2646 Gramm.
648 2610 683 2646 d.
709 2611 853 2646 Griech.
877 2612 1092 2656 Vulgarspr.
1117 2611 1225 2657 (Berl.
1253 2611 1361 2653 1856)
1386 2621 1469 2654 pag.
1493 2610 1525 2645 2.
1550 2630 1597 2635 —

322 2671 351 2716 ⁹)
374 2671 487 2707 Lesbi
511 2672 651 2709 insulae
676 2673 852 2709 dialectus
870 2676 906 2709 et
921 2673 1062 2710 vicinae
1079 2673 1190 2709 Asiae
1207 2683 1292 2709 orae
1308 2673 1400 2709 nihil
1420 2674 1497 2709 fere
1523 2673 1740 2718 discrepant,

209 2738 319 2775 quare
344 2729 451 2764 etiam
477 2740 538 2765 eas
564 2731 630 2767 sub
647 2742 719 2767 uno
736 2731 896 2767 Asianae
912 2731 1082 2767 Aeolicae
1106 2731 1254 2767 nomine
1278 2731 1470 2776 complecti
1495 2731 1630 2766 solent:
1656 2729 1739 2765 vide

207 2785 428 2822 Ahrensium
458 2787 483 2824 l.
514 2799 544 2825 c.
573 2789 602 2825 Ι.
637 2789 668 2836 ξ.
693 2790 726 2826 2.
752 2794 789 2825 et
819 2790 900 2826 Sev.
934 2789 1023 2826 Luc.
1055 2789 1247 2825 Plehnium
1276 2789 1314 2824 in
1353 2788 1613 2824 Lesbiacorum
1649 2788 1742 2824 libro

208 2842 383 2889 (Berolini
407 2844 512 2888 1826)
536 2856 620 2892 pag.
647 2846 724 2883 126.
751 2866 792 2872 —
