1963 3126
811 140 1102 181 —61—

197 264 329 335 „milii
357 279 519 334 videor,
549 281 728 324 Atticos·
753 284 907 335 poetas
930 278 998 329 εἰς
1025 285 1071 328 et
1096 281 1201 325 εἵσω
1225 281 1317 331 Sere
1341 296 1438 330 non
1452 281 1718 337 ιᾶὴὶῑὶπίὃίθ,

200 354 312 408 „nisi
326 352 403 397 ubi
420 353 556 398 metii
575 353 814 399 necessitas
835 358 1030 410 cogeret3
1050 355 1161 402 alias
1181 353 1229 405 ἐς
1247 357 1293 401 et
1309 352 1398 399 ἔσω
1416 357 1714 412 praefiniisse!

309 427 448 473 Plane
471 428 608 482 igitur
634 429 887 474 contrarias
900 424 1013 475 'sunt
1038 430 1230 477 mirorum
1256 430 1431 478 illorum
1459 432 1713 479 sententiae

194 503 318 547 Nunc
351 505 499 544 autem
536 501 612 543 alii
648 501 854 547 Elmsleio
889 502 1120 565 suffragari
1144 503 1369 558 videntur,
1397 510 1447 548 ut
1473 502 1719 555 Eneadtius

191 578 237 620 in
265 575 424 619 Lexico
455 574 591 633 Soph.⁷
624 584 725 619 s.·v.
760 575 847 629 εἰς,
881 577 962 623 alii
995 591 1098 624 vero
1133 578 1399 625 ancksnm
1423 580 1632 641 probant,
1669 585 1719 623 ut

193 649 421 694 Schiitzius
457 649 516 693 ad
554 649 709 694 Aeseh.
749 651 892 696 Prom.
914 667 959 694 v,
996 656 1095 696 478.
1131 653 1301 699 dicens:
1346 654 1486 708 „Illud
1510 655 1625 712 (scil.
1653 653 1718 713 ἐς)

191 739 290 768 cum
316 722 547 777 Brunekio,
574 723 661 770 ubi
678 725 848 770 codices
873 726 1099 781 addiscunt,
1126 727 1431 783 praeferimus:
1460 729 1564 783 quia
1584 729 1720 781 Attici

188 802 359 855 poetae,
387 798 472 841 nisi
496 797 590 842 ubi
597 781 727 852 metri
749 802 1008 846 necessitas
1017 805 1204 883 cogeret,
1232 799 1280 853 ἐς
1299 806 1345 847 et
1370 799 1467 857 ἔσω,
1496 817 1629 863 qnam
1653 805 1719 854 εἷς

190 876 235 915 et
261 872 367 917 είσω
394 872 584 916 scribere
612 874 899 918 malueruntf‘
1740 876 1746 879 ’

306 947 395 989 Α111
417 947 592 991 iterum
626 949 759 994 aliam
792 951 991 1006 regulam
1021 949 1105 995 sibi
1131 952 1413 1007 scripserunt,
1442 953 1719 1010 quemadmo-

191 1020 298 1064 dum
327 1020 379 1063 G.
407 1020 672 1071 Dindorfius‚
702 1019 778 1081 qui
806 1015 923 1076 (vide
950 1032 1049 1067 eum
1085 1019 1144 1062 ad
1171 1020 1327 1063 Aesch.
1355 1021 1499 1068 Prom.
1527 1035 1566 1063 v.
1597 1025 1634 1064 1.
1661 1022 1719 1064 ad

97 1086 101 1089 ⁴
189 1080 411 1150 Aristoph.
440 1095 629 1138 Acham.
657 1109 696 1138 v.
726 1092 846 1150 242.)
899 1093 1058 1137 Atticis
1085 1095 1229 1149 poetis
1254 1098 1360 1140 ante
1387 1095 1541 1147 literas
1567 1109 1720 1143 conso·

187 1174 359 1213 nantes
371 1173 623 1214 constanter
649 1167 704 1212 τὸ
734 1164 780 1219 ἐς
806 1166 986 1223 tribuit,
1023 1172 1126 1211 ante
1153 1168 1325 1212 vocales
1349 1172 1512 1225 autem,
1538 1169 1719 1220 ubicun-

188 1259 273 1300 que
299 1245 470 1300 patitur
505 1248 695 1290 metrum
727 1242 776 1285 τό
815 1241 882 1293 εἰς
916 1242 1123 1299 praefert.
1185 1244 1331 1298 Atque
1361 1244 1409 1286 in
1435 1244 1519 1293 hac
1535 1258 1593 1292 ‘re
1617 1259 1718 1296 eum

189 1324 364 1363 secutus
392 1334 485 1364 esse
512 1320 685 1368 videtur
712 1320 821 1374 Aug.
850 1317 1105 1371 Meinekius‚
1134 1317 1210 1372 qui
1230 1317 1276 1360 in
1297 1318 1609 1377 Aristophanis
1630 1319 1719 1368 edi-

188 1395 309 1436 tione
338 1393 532 1451 (Lipsiae
552 1393 708 1450 1860.)
736 1393 832 1436 Vol.
862 1392 896 1435 Ι.
924 1392 1210 1449 praefationis
1233 1392 1363 1445 initio
1385 1394 1570 1448 monuit,
1599 1408 1647 1438 se
1671 1395 1718 1437 in

184 1469 564 1526 praepositionum
588 1466 657 1518 εἷς
682 1471 726 1510 et
746 1464 791 1516 ἐς
812 1467 1032 1522 scriptura
1053 1468 1326 1520 constantiae
1347 1481 1481 1517 causa
1501 1469 1717 1515 Dindorfii

187 1542 432 1586 rationibus
460 1543 518 1585 ad
544 1543 731 1585 Acharn.
746 1545 860 1604 ¹242,
890 1542 1115 1596 expositis.
1129 1540 1465 1598 obtemperasse.

304 1617 540 1661 Praeterea
587 1616 773 1673 denique
814 1615 1012 1671 conferas
1044 1616 1288 1659 Porsonum
1320 1617 1366 1658 in
1405 1617 1623 1678 Supplem.
1658 1618 1716 1665 ad

183 1691 368 1749 praefat.
428 1691 579 1748 Eurip.
621 1691 785 1735 Hecub.
819 1705 862 1747 p.
895 1689 1007 1735 LVI.
1033 1690 1119 1734 ed.v
1145 1690 1223 1737 ΙΙΙ,
1263 1690 1380 1746 Lips.
1425 1694 1547 1735 1824.
1615 1693 1716 1737 Rei-

187 1768 351 1821 sigium-
372 1769 418 1810 in
447 1767 697 1811 Coniectan.
725 1768 771 1810 in
792 1766 1131 1821 Aristophanem
1145 1765 1184 1808 ἔΙ.
1202 1779 1306 1826 pag.
1336 1769 1433 1809 251.
1463 1781 1526 1823 sq.
1548 1771 1595 1810 et
1612 1768 1718 1824 lex-{-

187 1841 430 1898 cogi-aphes
463 1841 729 1888 recentiores
755 1855 800 1884 -ε,
835 1855 873 1883 v.
909 1838 998 1890 εἰς,
1025 1844 1078 1883 ut
1104 1840 1320 1897 Papeum,
1359 1842 1643 1895 Ραξεοπίιιιιι,
1665 1848 1717 1886 -et

186 1917 507 1970 grammaticos,
534 1920 584 1959 ut
612 1915 903 1959 Matthiaeum
938 1915 1012 1958 Gr.
1042 1914 1190 1963 Gram.
1216 1930 1317 1972 pag.
1348 1920 1416 1959 69.
1445 1921 1489 1960 et
1515 1931 1558 1973 p.
1592 1919 1714 1960 1350.

186 1994 276 2033 not.
306 1994 366 2045 2.;
395 2005 581 2046 quorum
607 1990 685 2034 alii
712 1990 842 2042 aliter
864 1990 1075 2035 vindicant.

307 2065 367 2109 Et
394 2069 618 2124 postremo
646 2065 704 2111 ad
731 2079 804 2109 eos
826 2065 944 2120 quod
963 2065 1136 2117 attinet,
1159 2066 1236 2128 qui
1257 2069 1400 2115 certas
1419 2066 1593 2121 regulas
1613 2071 1717 2116 ante

188 2139 337 2189 oculos
371 2154 460 2186 non
491 2139 764 2194 habuerunt,
800 2138 878 2186 sed
903 2138 1039 2186 libros
1072 2129 1210 2189 secuti
1237 2144 1339 2199 sunt
1365 2144 1410 2192 et
1437 2141 1613 2202 quidem
1639 2142 1717 2191 alii

186 2215 464 2270 alios—quo
484 2216 683 2271 plerique
705 2215 895 2261 editores
913 2218 960 2258 et
980 2215 1315 2272 tragicorumet
1334 2216 1598 2269 comicorum
1617 2231 1711 2272 per-

185 2290 328 2333 tinent
353 2317 413 2323 ——
437 2305 518 2346 per
546 2305 592 2335 se
618 2294 754 2346 patet,
782 2289 828 2332 in
853 2289 908 2333 iis
934 2302 1073 2353 aeque
1094 2304 1146 2333 ac
1172 2289 1392 2334 veteribus
1412 2289 1603 2340 inlibris
1622 2304 1716 2337 sae-

184 2365 361 2421 pissime
392 2379 605 2421 apparere
634 2365 848 2420 insignem
876 2364 1190 2416 dissensionem
1216 2368 1261 2411 et
1280 2365 1640 2416 inconstantiam.

222 2451 224 2453 “
302 2441 423 2493 Quae
450 2455 584 2497 quum
610 2441 675 2483 ita
703 2441 804 2495 sint,
836 2455 972 2496 quum
997 2440 1227 2484 doctorum
1256 2440 1450 2483 virorum
1476 2427 1714 2503 sententias

183 2519 414 2573 tantopere
450 2517 567 2561 inter
599 2531 645 2561 se
679 2517 929 2573 discrepare
957 2516 1304 2572 cognoverimus,
1341 2528 1499 2571 operae
1524 2517 1715 2571 pretium

185 2590 331 2641 facere
356 2591 484 2637 nobis
510 2591 720 2646 videmur,
746 2595 797 2635 ut
813 2592 1162 2639 controversiam
1187 2590 1311 2638 illam
1338 2593 1550 2645 quantum
1575 2590 1715 2646 possi-

185 2680 283 2710 mus
309 2667 465 2710 tollere
489 2682 542 2710 ac
569 2667 773 2715 dirimere
794 2681 1013 2712 conemur.
1057 2666 1144 2714 Sed
1168 2665 1239 2710 hic
1260 2680 1394 2721 quum
1416 2680 1497 2722 per
1513 2658 1715 2723 ,enaiim

184 2740 292 2785 mihi
317 2756 406 2786 non
433 2741 713 2797 concedatur,
739 2741 786 2786 id
817 2741 935 2799 quod
960 2741 1076 2785 infra.
1103 2744 1310 2798 statuam,
1338 2740 1489 2784 multis
1517 2754 1715 2798 compro-

184 2816 290 2860 bare
318 2822 362 2860 et
389 2819 563 2861 omnino
591 2822 733 2861 totam
757 2833 851 2861 rem
878 2822 971 2862 tam
997 2822 1202 2862 accurate
1228 2821 1409 2873 tamque
1430 2818 1608 2874 copiose
1623 2822 1714 2862 tra-
