1963 3126
778 130 951 171 ...38
1011 153 1070 160 -.

157 284 310 316 eorum
333 274 530 317 veterum
551 271 830 316 sententiosis
853 275 897 316 et
917 270 1158 322 moralibus
1181 270 1319 330 (Lips.
1345 271 1477 328 1821)
1493 265 1615 315 Toni:
1632 271 1690 316 112

156 358 258 401 pag.
287 347 385 407 706.
416 344 765 402 Sed4qmtum
785 345 997 402 equidem
1022 341 1193 400 iudico,
1219 344 1332 391 illud
1354 341 1408 390 ἐν»
1427 344 1548 398 ζωὰν
1570 345 1692 403 apud

159 419 292 464 Dium
317 418 642 476 Pythagoreum
657 420 837 465 min-ime
856 419 1137 465 tolerandum
1150 417 1229 464 est.
1257 419 1460 476 Namque
1487 420 1690 476 alterum,

158 506 247 548 quo
272 492 356 537 hoo
383 492 688 553 confirmetur,
727 493 975 550 exemplum
998 494 1149 551 neque
1180 494 1358 541 omnino
1388 494 1437 537 in
1454 493 1692 551 ‹Pythago-

159 580 335 611 reorum
372 566 590 625 reliquiis,
642 580 756 623 quae
788 566 848 611 ab
883 567 1048 619 Orellio
1084 567 1297 615 collectae
1331 569 1378 612 in
1406 568 1529 614 libro
1561 568 1692 613 modo

160 640 344 688 laudato
373 644 569 696 exstant,
593 642 735 699 neq'ue
750 640 1173 699 inimcriptionihm
1187 641 1544 699 ItalieoeDoiioa,
1559 651 1693 700 qnam
1775 659 1779 666 ¹

160 715 340 770 quidem
370 715 637 773 Pythagorei
665 720 993 773 expresserunt,
1021 716 1210 762 dialecto
1234 719 1462 774 conceptis
1488 718 1693 774 detegere

164 790 303 847 potui.
332 789 505 848 Ubique
532 791 680 849 potius
707 792 753 835 in
780 792 836 836 iis
863 788 911 844 ἐς
936 791 1005 836 vel
1032 793 1095 844 εἷς
1120 791 1333 850 scriptum
1358 792 1515 850 reperi.
1549 793 1694 846 Quare

163 866 298 910 etiam
324 865 371 909 in
398 866 498 910 loco
522 866 600 911 illo
627 867 701 910 Dii
723 867 1009 924 Pythagorici
1024 882 1107 924 pro
1132 864 1179 913 ἐν
1198 866 1316 920 ζωὰν
1339 868 1461 913 haud
1487 863 1698 924 cuncta*
1776 919 1778 921 ,

159 944 228 984 ter
243 937 291 990 ἐς
308 939 424 993 ζωὰν
433 940 490 999 ⁵¹)
507 942 793 996 restituimus,
815 943 1080 998 praesertim
1101 956 1237 998 quum
1252 942 1673 988 consideraverimus
1683 977 1693 997 ,

160 1015 327 1072 passim
363 1029 392 1059 a
422 1014 618 1074 librariis
642 1017 993 1072 praepositiones
1022 1018 1065 1060 ἓν
1090 1020 1136 1060 et
1162 1017 1207 1077 ἐςΙ
1227 1016 1296 1060 vel
1325 1018 1389 1067 εἲς
1413 1013 1694 1071 commutari,

160 1092 212 1133 ut
237 1090 284 1135 in
313 1091 443 1135 titulo
471 1091 758 1148 Agrigentino
785 1094 864 1135 nr.'
882 1095 1009 1135 5491.
1037 1092 1112 1135 lin.
1140 1094 1210 1135 22.
1237 1105 1318 1147 pro
1346 1090 1394 1143 ἐς
1419 1092 1488 1135 vel
1510 1094 1574 1143 εἷς
1592 1092 1695 1146 χαλ-

159 1163 343 1219 κώματα
376 1166 482 1211 Cod.
511 1167 627 1210 vict.
665 1166 711 1211 ἐν
742 1167 945 1223 praebet,
978 1167 1033 1211 cf.
1062 1168 1197 1212 etiam
1233 1167 1452 1212 Sohaefer.
1479 1167 1538 1212 ad
1564 1167 1694 1222 Greg.

164 1240 264 1285 Cor.
290 1254 393 1297 pag.
422 1242 521 1296 429.
555 1244 650 1284 105.
679 1243 727 1285 et
752 1241 826 1285 Fr.
854 1241 950 1285 Jao.
980 1241 1104 1288 Bast.
1139 1241 1186 1285 in
1223 1241 1587 1287 commentatione
1618 1255 1696 1298 pa·

160 1315 473 1372 laeographioa
498 1320 600 1372 post
627 1316 758 1372 Greg.
786 1316 885 1361 Cor.
915 1316 982 1361 ed.
1012 1316 1231 1361 Sohaefer.
1259 1330 1360 1372 pag.
1390 1319 1486 1359 726.
1509 1320 1555 1360 et
1575 1316 1698 1360 Wex.

161 1390 208 1434 in
237 1390 412 1447 Sylloge
440 1391 740 1436 adnotationis
761 1391 821 1436 ad
844 1388 975 1448 Soph'.
993 1391 1141 1447 Antig.
1169 1406 1209 1434 v.
1241 1394 1366 1435 1214.
1395 1395 1441 1435 et
1471 1405 1511 1435 v.
1541 1394 1639 1435 910.

280 1465 367 1510 Sed
387 1470 538 1510 tamen
558 1467 595 1511 si
616 1467 715 1522 quis
742 1466 855 1512 forte
884 1480 984 1510 cum
1010 1466 1198 1511 Stobaeo
1219 1464 1265 1510 ἐν
1284 1466 1380 1523 ζωᾷ
1400 1467 1589 1511 retinere
1609 1480 1701 1510 ma-

163 1539 278 1594 vult,
308 1541 354 1585 ei·
375 1554 464 1586 non
490 1541 667 1586 omnino
687 1541 907 1586 adverser.
937 1541 1115 1589 Etenim
1135 1544 1230 1586 tum
1250 1541 1363 1586 illud
1384 1539 1702 1597 ἐμβαλλόμενοι

165 1617 208 1659 ἓν
223 1614 320 1673 ζωᾷ
338 1617 587 1673 intelligere
603 1616 824 1671 debemus,
847 1616 1216 1673 quemadmodum
1236 1616 1327 1662 fere
1348 1616 1395 1661 ἐν
1413 1614 1538 1673 αἰτίᾳ
1554 1616 1703 1675 βαλεῖν

168 1692 312 1748 Soph„
346 1692 455 1737 Oed.
490 1693 543 1739 R.
579 1708 619 1736 v.
654 1696 738 1737 656
775 1692 1038 1750 (Dindorf.),
1071 1690 1145 1735 ἵνα
1169 1691 1280 1748 τῷδ’
1308 1693 1351 1735 ἓν
1380 1689 1610 1751 ciffi-afrum
1637 1690 1700 1749 μὴ

163 1767 391 1827 προπέσῃς
423 1766 573 1820 νάπει,
588 1767 644 1827 ⁵³)
682 1772 727 1812 et
761 1768 939 1822 similia,
973 1768 1019 1812 in
1056 1766 1216 1824 quibus
1250 1768 1293 1811 ἐν
1328 1781 1365 1810 o.
1402 1767 1504 1811 Dat.
1533 1781 1615 1824 pro
1644 1768 1704 1815 εἷς

167 1857 205 1887 o.
234 1843 337 1888 Aeo.
368 1844 436 1888 ita
461 1843 672 1900 explicari
698 1847 873 1901 potest,
910 1846 960 1887 ut
996 1843 1086 1887 iam
1116 1841 1285 1887 rei-sari
1316 1856 1369 1886 eo
1402 1842 1499 1887 loco
1534 1841 1704 1897 aliquid

166 1920 405 1976 cogitetur,
435 1933 646 1976 quorsum
674 1922 875 1964 movetur
902 1918 1058 1963 adhue.

284 1995 486 2052 Denique
514 2009 618 2041 vero
643 1995 777 2039 etiam
805 1994 896 2039 duo
913 1994 1000 2039 loci
1028 1993 1155 2040 nobis
1173 1990 1553 2040 ‘commemorandi
1580 1997 1701 2044 sunt,

166 2084 279 2114 unus
313 2084 367 2114 ex
404 2070 691 2127 inscriptione
725 2069 917 2125 quadam
947 2069 1095 2113 Ionice
1132 2069 1384 2127 conscripta
1419 2069 1468 2114 in
1492 2067 1703 2113 Boeekhii

166 2145 296 2202 Corp.
323 2146 460 2189 Insor.
490 2145 587 2190 Vol.
615 2145 694 2189 ΠΙ.
721 2161 787 2189 nr.
819 2146 993 2189 6280A.
1016 2145 1092 2188 lin.
1119 2147 1203 2199 23.,
1232 2144 1346 2189 alter
1372 2158 1426 2188 ex
1445 2142 1704 2200 Aristopha-

165 2222 235 2265 nis
260 2220 618 2265 Acharnensibus
643 2236 683 2264 v.
718 2223 826 2266 1021
860 2219 946 2279 (ed.
974 2219 1212 2278 Brunok.),
1202 2233 1211 2243 ·
1234 2218 1421 2276 quorum
1440 2218 1589 2275 priore
1611 2218 1706 2263 Sal·

165 2297 330 2342 masius
357 2298 400 2339 ἓν
423 2292 558 2345 ἄλσεα
585 2295 753 2341 dictum
780 2294 1063 2340 existimabat
1090 2308 1172 2352 pro
1194 2296 1235 2345 ἐς
1255 2289 1418 2349 ἄλσεα,-
1433 2293 1563 2350 quod
1572 2293 1704 2337 Mait-

166 2378 281 2422 taire
303 2377 459 2422 Graec.
480 2373 587 2450 ling.
610 2376 713 2421 dial.
728 2389 829 2433 pag.
846 2379 936 2421 250
951 2373 1007 2429 (J.
1028 2373 1217 2444 probare
1232 2375 1420 2421 videtur.
1435 2374 1522 2429 Sed
1537 2373 1701 2419 rectius

165 2446 538 2498 1ι.1.ᾶνά’λσεα
561 2466 661 2496 cum
702 2451 910 2516 Jacobsio
949 2442 1240 2509 „Anthologia
1274 2450 1442 2496 Graec.
1465 2437 1608 2496 Tom.
1622 2449 1703 2494 111.

164 2544 205 2585 p.
234 2531 363 2572 902‘2
398 2533 479 2573 aut
507 2528 575 2571 ἐπ’
604 2523 739 2572 α’λσεα
772 2542 873 2571 cum
910 2528 1097 2572 Franzio
1131 2526 1237 2584 (vid.
1279 2540 1379 2572 enm
1413 2526 1460 2569 in
1493 2524 1703 2582 Boeckhii

285 2768 333 2810 51)
361 2766 458 2813 quod
483 2764 642 2803 Orellius
666 2774 810 2810 quoque
834 2764 884 2801 in
898 2767 1001 2800 textu
1025 2762 1140 2801 edidit
1161 2763 1188 2800 1.
1212 2773 1244 2801 o.
1269 2773 1354 2809 pag.
1376 2762 1458 2800 882.
1481 2762 1547 2801 lin
1578 2762 1708 2800 21.-

287 2836 334 2878 5)
360 2833 449 2870 Oed.
467 2833 544 2869 Col.
592 2834 708 2869 ..155
734 2852 776 2859 —
1563 2849 1568 2850 ν
