1963 3126
730 695 790 728 „Es
817 694 886 722 sind
910 694 981 723 uber
1004 694 1080 722 anch
1104 694 1202 722 Inter
1224 694 1256 722 in
1279 694 1346 724 sich
1368 694 1532 723 kleinlieho
1556 693 1694 721 Eiueln-

657 741 777 775 heiten.
796 742 851 770 nl
865 740 998 771 walchen
1016 741 1069 770 ἀοι
1085 739 1315 770 rot-ieiuno&
1332 740 1386 770 (lor
1403 740 1552 776 spissim
1569 739 1694 772 unffi.

657 788 1084 818 unnim-intutum·
1108 788 1246 819 Studiu-
1266 786 1696 823 κωμικὴ

659 834 753 863 ihnon
770 834 852 863 Mosa
871 834 924 863 das
942 834 1064 867 Gnoso.
1081 833 1232 869 coinage.
1250 833 1508 862 Vorherrschondo
1531 832 1697 861 ιιιίιιιοὶιοιι

658 887 696 907 zu
702 880 824 909 mua„
847 880 983 909 aonam
995 879 1152 915 Bina-hot
1161 879 1194 910 i·
1201 879 1273 915 §odo
1281 879 1510 914 annm-oh·
1522 877 1699 907 Sum

661 926 723 955 und
737 927 867 962 epum:
884 927 1080 957 unwano:
1094 926 1127 954 in
1141 926 1208 955 ihre
1220 926 1375 955 monendo
1389 925 1433 954 ist
1447 925 1594 953 dui-cluna
1609 924 1697 953 mh—

660 972 792 1007 ποιιᾶὶς,
815 979 865 1000 ιι
880 971 949 1001 sich
966 971 1052 1001 nieht
1067 971 1102 1000 in
1119 971 1201 1001 men
1218 971 1376 1000 unionem
1393 972 1484 1000 nebei-
1501 971 1546 999 sio
1563 970 1697 999 Irrthue-

659 1026 740 1047 mern
758 1019 980 1047 ammian!

895 1110 939 1139 W.
960 1119 987 1140 v.
1005 1109 1231 1139 monn:
1255 1109 1370 1142 ,εὔοδα
1390 1110 1442 1139 die
1466 1109 1697 1145 &wi-Spmhe

959 1156 1087 1188 uldu-
1106 1156 1189 1186 hul
1207 1157 1309 1186 δαν*
1336 1157 1388 1186 Ba.
1406 1161 1518 1193 Lm.
1536 1156 1627 1185 ml.

284 1430 415 1500 Non
435 1455 589 1500 dubito
610 1455 724 1510 fore,
754 1456 829 1511 qui
853 1455 1023 1509 dicant,
1045 1454 1206 1497 fluctus
1226 1468 1254 1497 a
1273 1467 1343 1496 me
1365 1454 1577 1497 excitatos
1599 1468 1695 1498 esse

161 1533 208 1575 in
236 1531 442 1588 simpulo,
471 1518 633 1588 quippe
655 1545 790 1587 quum
811 1530 865 1574 de
885 1530 1225 1587 praepositionis
1247 1527 1314 1580 εἷς
1332 1529 1456 1573 varia
1476 1530 1696 1585 scriptura

163 1604 573 1650 commentationem
589 1607 839 1662 scripserim
854 1606 961 1649 satis
982 1606 1187 1661 amplam.
1208 1605 1450 1648 Levissima
1465 1618 1570 1647 sane
1585 1604 1694 1648 haec

160 1695 245 1735 res,
273 1680 384 1725 bene
406 1681 508 1736 scio,
539 1684 583 1725 et
603 1682 740 1738 parvi,
772 1681 811 1725 si
829 1695 910 1737 per
931 1694 978 1724 se
997 1683 1233 1737 spectetur,
1254 1680 1477 1724 momenti.
1505 1679 1621 1734 „Sed
1641 1694 1696 1724 ex

162 1756 390 1799 elementis
406 1759 653 1809 constant“,
676 1755 840 1798 Clarkii
854 1755 998 1798 verbis
1013 1748 1129 1809 utor,
1152 1769 1233 1809 „ex
1247 1755 1476 1811 principiis
1494 1755 1696 1797 oriuntur

162 1831 336 1874 omnia:
372 1835 416 1875 et
450 1845 505 1874 ex
532 1829 689 1886 judicii
716 1829 1029 1893 consuetudine
1055 1831 1102 1873 in
1127 1829 1260 1874 rebus
1286 1830 1468 1873 minutis
1495 1828 1696 1873 adhibita

160 1904 325 1962 pendet
352 1906 608 1963 saepissime
630 1905 764 1950 etiam
780 1905 826 1949 in
840 1904 1042 1950 maximis
1057 1919 1162 1950 vera
1176 1908 1311 1963 atque
1332 1908 1541 1949 accurata
1558 1904 1696 1948 scien—

161 1982 266 2023 tia.“
304 1982 364 2024 Et
391 1983 430 2024 si
456 1982 660 2025 Valerius
688 1982 897 2035 Messala,
924 1982 991 2024 vir
1017 1995 1213 2025 summae
1239 1983 1287 2024 in
1312 1996 1361 2024 re
1387 1980 1566 2036 publica
1593 1994 1695 2023 auc·

160 2054 358 2099 toritatis
373 2069 606 2112 rerumque
627 2056 916 2100 maximarum
936 2055 1318 2100 administratione
1340 2055 1557 2099 di‘stentus
1569 2090 1579 2109 ,
1596 2069 1695 2112 per·

161 2143 269 2173 sona
288 2143 368 2173 sua
388 2144 476 2174 non
490 2130 717 2187 indignum
737 2131 928 2186 putavit,
955 2130 1010 2174 de
1037 2131 1169 2174 litera
1187 2146 1213 2181 ς
1231 2129 1394 2173 librum
1413 2129 1686 2173 conscribere

160 2204 446 2260 singularem,
468 2206 576 2261 quid
595 2206 775 2250 tandem
794 2221 864 2250 me
884 2206 1050 2262 pudeat
1070 2207 1312 2262 exquirere,
1335 2206 1552 2262 quomodo
1567 2220 1694 2262 prae-

159 2280 320 2336 positio
348 2277 416 2331 εἷς
441 2280 561 2337 apud
581 2281 773 2325 Graecos
794 2281 969 2325 omnino
990 2282 1157 2338 scripta
1177 2281 1235 2325 sit
1247 2315 1257 2335 ,
1278 2281 1539 2337 praesertim
1559 2294 1691 2337 quum

158 2353 243 2397 hac
270 2354 325 2397 de
351 2368 400 2398 re
426 2355 495 2398 vel
523 2355 766 2399 doctissimi
789 2357 872 2399 viri
885 2388 896 2407 ,
931 2359 983 2399 ut
1017 2370 1070 2400 ex
1095 2357 1194 2413 ipsa
1220 2355 1529 2405 dissertatione
1557 2369 1692 2411 appa-

157 2427 297 2485 rebit,
325 2443 485 2487 operae
511 2431 703 2487 pretium
729 2430 939 2476 ducerent
964 2431 1065 2489 plus
1092 2431 1288 2476 minusve
1314 2444 1525 2487 quaerere
1553 2444 1605 2475 ac
1628 2429 1692 2474 di-

159 2507 349 2560 sputare.
370 2505 462 2549 Nec
482 2509 632 2550 tamen
652 2520 747 2550 rem
766 2506 898 2563 plane
919 2506 1158 2552 absolvisse
1180 2511 1225 2551 et
1243 2493 1478 2564 perfecisse
1498 2507 1565 2550 illi
1584 2506 1691 2550 mihi

157 2577 362 2623 videntur
387 2593 529 2636 neque
554 2582 687 2625 etiam
707 2582 882 2626 omnino
903 2583 1135 2639 quisquam
1157 2581 1323 2637 adhuc,
1351 2584 1565 2638 quantum
1586 2581 1689 2635 scio,

158 2652 377 2708 copiosius
402 2653 665 2712 uberiusque
691 2655 806 2700 hanc
832 2657 1063 2702 materiam
1088 2657 1311 2701 tractavit.

276 2726 421 2780 Quare
454 2729 549 2786 ipse
584 2729 642 2773 ad
676 2730 975 2787 indagandum
1000 2730 1112 2775 illud
1140 2735 1185 2775 et
1211 2729 1539 2787 dijudicandum
1567 2745 1690 2775 acce-

158 2802 261 2847 dere
281 2802 390 2846 mihi
412 2806 636 2861 proposui.
667 2805 753 2849 Sed
771 2806 879 2849 haec
899 2807 1097 2861 quaestio
1118 2806 1332 2850 latissime
1352 2811 1477 2862 patet
1495 2841 1505 2861 ,
1528 2810 1573 2850 et
1594 2808 1690 2862 qui-

1459 2908 1478 2940 l
