1963 3126
864 125 1161 166 -16-

237 263 307 316 εἰς
331 265 423 309 alia
447 265 610 320 forma,
646 268 698 308 ut
734 262 782 316 ἐς
809 266 876 309 vel
910 264 958 309 ἐν
981 279 1021 308 c.
1051 278 1220 318 aeona,
1256 264 1488 309 familiaris
1513 265 1622 319 fuit,
1656 268 1780 324 qued

238 339 356 384 infra
394 340 640 398 apparebit,
672 341 948 398 grammatici
976 340 1060 384 hoc
1090 339 1255 384 idioma
1289 338 1456 396 apertis
1481 338 1627 384 verbis
1662 339 1780 387 deai-

239 420 392 471 gnant.

356 491 585 536 Postremo
606 491 801 546 afferam,
829 504 943 547 quae
963 490 1205 535 Ahrensius
1225 490 1255 534 1.
1273 503 1315 535 c.
1335 490 1370 535 1.
1390 503 1490 548 pag.
1517 492 1612 536 151.
1627 489 1780 536 obser-

240 567 379 609 vavit:
410 567 711 621 „Praepositio
738 564 817 619 εἰς,
845 579 958 621 quae
983 579 1040 608 ex
1064 564 1136 616 ἐνς
1163 566 1268 623 (vid.
1295 569 1337 620 ξ.
1368 569 1436 609 10.
1463 570 1554 610 not.
1586 567 1644 624 1.)
1672 562 1793 609 nata'

239 645 360 685 recte
386 640 506 697 apud
526 640 684 684 Aeoles
711 653 810 683 eam
835 638 1022 683 formam
1040 639 1299 696 plerumque
1316 643 1480 695 servat,
1507 653 1611 685 raro
1640 640 1774 684 corri-

238 716 371 772 pitur,
399 719 450 758 ut
474 711 699 773 ἐςέρχεται
727 713 769 759 S.
799 717 869 768 44,
894 712 946 764 ἐς
972 710 1116 772 ἆέργω
1143 713 1324 758 Theoct.
1351 717 1423 769 28,
1456 717 1551 757 15.“

355 790 423 833 Ex
442 789 512 833 his
527 790 678 845 igitur,
700 802 814 844 quae
834 787 1062 844 disputata
1078 792 1196 844 eunt,
1216 789 1326 833 satis
1345 788 1545 843 efficitur,
1565 789 1772 834 Aeoliam

238 864 307 908 vel
332 864 496 920 potius,
524 867 577 906 ut
602 864 855 907 accuratius
874 863 1121 919 loquamur,
1147 864 1338 908 Anime
1355 863 1558 909 Aeolicae
1585 863 1774 911 dialem

238 936 305 990 εἷς
329 938 557 995 proprium
582 937 737 991 fuisse,
764 935 817 980 τὰ
844 935 892 988 ἐς
916 941 1068 981 autem
1094 937 1151 982 ab
1181 952 1235 982 ea
1261 952 1350 982 non
1374 938 1507 995 plane
1530 952 1627 984 esse
1654 938 1778 995 abju-

239 1013 487 1057 dicandum.

936 1119 1076 1126 ———

354 1236 497 1281 Multo
535 1237 667 1281 aliter
710 1237 820 1281 haec
851 1251 924 1281 res
962 1251 1056 1281 sese
1090 1237 1226 1281 habet
1260 1237 1383 1294 apud
1412 1238 1624 1293 Boeotos,
1667 1251 1779 1294 quos

237 1315 344 1358 item
371 1312 552 1357 Aeolica.
580 1313 759 1369 quidem
786 1312 997 1368 dialecto,
1026 1313 1104 1358 sed
1129 1313 1218 1357 alio
1246 1312 1340 1368 ejus
1364 1326 1527 1369 genero
1552 1328 1656 1361 unos
1684 1327 1779 1358 esse

237 1402 372 1446 supra
392 1387 486 1445 jam
513 1388 775 1451 monuimus.
818 1389 880 1432 Iis
907 1389 1023 1433 enim
1050 1402 1131 1445 pro
1159 1385 1226 1438 εἷς
1244 1387 1482 1444 peculiaris
1501 1387 1636 1434 fuisse
1662 1388 1780 1432 vide-

236 1468 313 1507 tur
335 1463 482 1507 forma
509 1461 577 1514 ἐν,
600 1477 721 1519 quae
745 1465 1050 1507 accusativum
1072 1463 1279 1507 additum
1304 1463 1471 1508 habens
1495 1463 1617 1511 haud
1637 1464 1773 1508 dubie

236 1543 344 1584 nata
371 1542 458 1594 est,
496 1551 523 1591 ς
549 1538 597 1582 ιιι
622 1537 710 1583 fine
746 1538 941 1595 abjecto,
977 1553 1035 1583 ex
1068 1539 1317 1595 antiquiore
1351 1536 1422 1591 ἐνς
1446 1538 1567 1597 (vide
1595 1539 1777 1598 nupti&

236 1614 366 1669 cujus
404 1614 693 1670 proprietatis
729 1615 922 1670 cognitio
957 1615 1147 1658 maxime
1181 1629 1204 1658 ο
1235 1616 1417 1670 genuini
1443 1615 1683 1660 Boeotismi
1714 1616 1780 1658 in—

238 1687 553 1746 scriptionibus
572 1688 790 1744 hauritur,
819 1689 866 1733 in
887 1688 1046 1746 quibus
1066 1688 1236 1734 tradita
1263 1688 1492 1746 leguntur:
1522 1703 1589 1735 nt.
1615 1691 1724 1734 1569
1739 1702 1778 1735 c.

234 1764 312 1807 lin.
342 1767 370 1807 4
396 1762 444 1807 ἐν
468 1762 550 1807 ‘miv
575 1762 845 1822 πρῴασίανς
881 1763 986 1807 ibid.
1026 1762 1073 1808 ἐν
1097 1762 1199 1817 ‘com
1230 1790 1291 1796 —
1316 1765 1393 1808 lin.
1422 1767 1448 1806 6
1484 1755 1630 1809 θίιῐιιι.
1669 1768 1699 1808 8
1731 1762 1781 1809 ἐν

234 1836 313 1881 τὸν
333 1832 488 1892 ἆιέτσν;
515 1839 593 1882 lin.
622 1838 802 1882 7etlin.
829 1841 882 1881 10
904 1837 1045 1882 ἐντὸν
1063 1834 1191 1897 Spe-03
1216 1838 1292 1882 lin.
1322 1839 1378 1882 15
1405 1836 1453 1882 ἐν
1477 1837 1530 1882 τὸ
1554 1839 1780 1894 μύσαι-

235 1928 303 1956 nr.
338 1917 448 1956 1571
479 1914 555 1957 lin.
589 1916 642 1957 13
665 1912 717 1956 ,ἐν
742 1912 819 1956 πᾶν
840 1909 1089 1972 θησαυρόν,
1117 1913 1177 1958 ad
1203 1927 1334 1969 quem
1360 1913 1507 1958 locum
1529 1913 1775 1960 Boeckhiufl

237 1987 356 2047 (Vol.
395 1987 430 2032 1.
454 2002 558 2046 pag.
596 1988 703 2048 755)
735 1989 990 2035 amavit:
1039 1987 1248 2044 „Retinui
1283 2001 1387 2033 vero
1423 1985 1471 2033 ἐν
1506 2002 1588 2046 pro
1623 1986 1691 2041 εἰς
1718 2002 1778 2036 ex

236 2064 376 2109 voturi
398 2067 450 2108 et
475 2067 584 2109 nota
610 2064 844 2110 dialecto.“

347 2139 656 2185 Pmetereain
680 2139 872 2198 Copensi
891 2140 1024 2186 titulo
1046 2154 1117 2185 nr.
1149 2142 1261 2184 1574
1286 2140 1363 2185 lin.
1393 2142 1419 2183 2
1439 2153 1541 2186 cum
1555 2140 1777 2189 mnia

239 2215 288 2272 (1.
318 2228 355 2257 c.
381 2214 416 2257 Ι.
443 2228 546 2270 pag.
577 2215 682 2272 213)
710 2216 876 2260 rectius
904 2215 1197 2271 supplendum
1234 2229 1329 2257 esse
1365 2215 1541 2258 videtur
1583 2212 1777 2273 ἀπεγρά-

234 2297 381 2348 ψαντο
408 2287 454 2334 ἐν
482 2288 710 2349 ὁπλίτα(ς)
739 2304 872 2347 quam
911 2304 1011 2337 eum
1036 2288 1257 2334 Boeckhio
1285 2286 1331 2333 ἐν
1357 2287 1624 2349 ὀπλίτα(ις),·
1665 2303 1777 2346 quae

233 2364 427 2422 suspicio
472 2365 664 2409 maxime
707 2363 1018 2420 confirmatur,
1064 2368 1117 2408 ut
1150 2364 1268 2408 idem
1304 2363 1545 2408 Ahrensius
1576 2364 1605 2407 1.
1645 2379 1681 2407 c.
1718 2365 1776 2408 Π.
1846 2377 1859 2383 “

233 2454 335 2497 pag.
358 2443 442 2483 525
464 2439 511 2482 in
530 2440 645 2484 Add.
658 2440 755 2500 jam
772 2440 1032 2494 observavit,
1063 2441 1274 2497 Copensis
1296 2440 1418 2484 tituli
1438 2439 1626 2486 frustulo
1653 2439 1773 2496 apud

235 2514 507 2561 Ulrichsium
533 2515 582 2559 in
604 2514 771 2560 Itinere
799 2515 969 2560 Graeco
1008 2514 1104 2560 Vol.
1137 2518 1174 2559 1.
1215 2529 1316 2572 pag.
1349 2517 1434 2559 203
1470 2514 1540 2558 τοὶ
1578 2510 1776 2574 ἀπεγρά-

232 2597 380 2648 ψαντο
400 2587 460 2645 ἐμ
488 2587 784 2649 Μλτοφόρας.

330 2666 530 2723 Denique
558 2656 605 2711 ’ἓν
629 2681 711 2724 pro
739 2664 806 2718 εἷς
834 2667 881 2711 ιιι
901 2666 1215 2724 compositione
1235 2665 1456 2724 reperitur
1475 2665 1522 2709 in
1541 2665 1673 2712 tituio
1695 2666 1776 2712 Or-

235 2742 461 2787 chomenio
497 2757 564 2786 nr.
598 2745 707 2786 1569
738 2757 765 2788 a
792 2743 896 2797 ΠΙ.,
934 2742 1010 2787 ubi
1047 2742 1122 2786 lin.
1162 2746 1218 2786 54
1254 2739 1504 2800 ἐμπρακτος
1523 2735 1667 2787 ‘habes
1693 2756 1775 2799 pro

234 2819 514 2877 εἴςπρακτος,
544 2818 598 2863 de
627 2833 716 2874 qua
743 2833 847 2862 voce
875 2818 1122 2862 Boeckhius
1152 2817 1198 2862 C.
1226 2817 1261 2865 I.
1289 2816 1386 2861 Vol.
1416 2817 1449 2861 Ι.
1479 2832 1579 2875 pag.
1608 2820 1691 2862 725
1720 2817 1773 2862 de
