1963 3126
835 166 1126 204 —51—

218 299 441 366 pturadc
455 306 524 362 (τ’
539 302 745 362 ἐἶ’ὐνὴφιν),
775 303 893 359 quod
913 303 1088 359 quidem
1107 309 1287 361 propter
1306 306 1570 361 praecedens
1591 303 1637 357 ἔς
1656 307 1736 349 τ’...
1801 288 1807 297 ’

218 381 398 427 auribus
423 379 562 435 magis
582 376 779 422 'blandiri
806 377 991 422 videtur.

336 455 422 499 Sed
440 455 488 497 in
507 453 576 510 his
591 467 646 496 ex
661 452 851 510 Homero
873 452 1148 508 Hesiodoque
1171 454 1278 497 locis
1293 454 1440 497 allatis
1455 455 1741 510 acquiescam,

218 531 302 576 nisi
337 522 460 586 quod
490 528 544 571 de
581 527 784 583 reliquiS,
829 527 905 582 qui
950 524 1131 571 Homeri
1161 528 1400 571 Ionismum
1438 530 1596 572 sectati
1629 534 1742 583 sunt,

215 605 357 662 poetis
383 604 430 647 in
454 602 704 646 universum
744 601 827 645 hoc
865 601 1080 645 monitum
1114 602 1244 646 velim
1257 637 1267 657 ,
1302 608 1499 647 veterum
1531 602 1744 648 librorum

217 679 526 723 auctoritatem
554 677 601 719 in
630 677 684 719 iis
711 690 799 719 non
825 690 921 720 esse
949 676 1247 732 deserendam,
1276 679 1342 721 ita
1376 679 1511 733 igitur
1546 683 1615 732 ut,
1650 678 1744 721 ubi-

217 766 387 808 cunque
413 751 500 805 illi,
538 754 656 794 certe
688 751 913 805 meliores,
947 754 1012 807 τῷ
1037 749 1104 802 εἰς
1130 757 1233 796 ante
1269 757 1555 796 consonantes
1583 753 1742 807 favent,

216 828 299 871 hoc
320 825 581 884 servandum
601 825 673 868 sit.
694 826 850 881 Itaque
863 859 873 879 ‚
894 829 944 868 ut
961 830 1079 869 certe
1094 826 1177 869 hoc
1192 842 1325 870 unum
1347 827 1591 882 exemplum
1614 828 1745 870 attin-

218 915 339 958 gam,
368 899 587 943 Meinekio
615 898 848 955 suffragari
876 900 1076 956 equidem
1102 915 1189 944 non
1215 915 1391 957 possum
1405 935 1415 954 ,
1446 902 1520 956 qui
1547 902 1594 944 in
1615 901 1745 947 Gaui-

215 974 359 1019 machi
396 975 546 1030 Epigr.
583 971 734 1017 XLIV:
770 989 809 1033 v.
847 977 885 1016 6.
923 988 1004 1030 pro
1037 974 1203 1018 tradito
1237 969 1364 1025 οὗτος
1395 974 1419 1017 ὁ
1450 975 1658 1034 σιγέρπης
1683 978 1745 1026 εἷς

215 1049 290 1093 τὸν
315 1047 457 1109 ἔρωτα
481 1044 594 1107 βάλῃ
614 1049 799 1092 coniecit
820 1050 863 1100 ἐς
884 1049 1000 1108 (vide
1022 1064 1120 1093 eum
1140 1050 1186 1093 in
1208 1049 1463 1094 Callimachi
1488 1050 1744 1106 Cyrenensis

217 1126 408 1171 editione
429 1124 643 1183 (Berolini
663 1123 794 1183 1861)
811 1124 1033 1169 Addendis
1051 1129 1096 1169 et
1112 1125 1365 1182 Corrigend.
1386 1141 1428 1182 p.
1447 1128 1532 1169 310
1553 1125 1610 1169 ad
1625 1126 1667 1170 h.
1689 1125 1741 1170 l.:

221 1201 410 1256 „conieci
451 1198 517 1250 εἰς
546 1199 634 1243 σόν.
674 1199 886 1244 debebam
922 1197 970 1251 ἐς
1005 1196 1191 1258 σόν“.8”)
1236 1201 1337 1244 Mea
1360 1187 1491 1244 'enim
1527 1203 1745 1244 sententia

214 1277 256 1319 h.
278 1277 307 1318 1.
328 1274 380 1318 τὸ
401 1278 462 1324 εἷς
482 1290 506 1319 e
526 1279 682 1331 poetae
697 1290 830 1320 manu
845 1275 1090 1332 profectum
1107 1280 1195 1329 est,
1213 1276 1282 1319 vel
1301 1277 1395 1319 soni
1413 1290 1544 1319 causa
1556 1311 1566 1330 ,
1584 1277 1744 1332 quippe

217 1364 351 1406 quum
379 1354 561 1407 propter
588 1350 924 1407 praecedentem
952 1349 1164 1407 syllabam
1184 1356 1244 1406 ῖς
1269 1351 1315 1394 in
1337 1351 1542 1409 σιγέρπης
1562 1365 1745 1407 sequens

218 1424 264 1476 ἐς
289 1426 433 1468 minus
458 1439 590 1469 suave
618 1430 743 1469 sonet
757 1460 767 1479 ,
796 1426 864 1469 vel
884 1430 1139 1481 propterea,
1169 1426 1286 1482 quod
1305 1426 1572 1482 praepositio
1590 1427 1638 1469 ‘in
1657 1427 1746 1482 pri-

218 1515 335 1544 mam
363 1501 483 1544 arsin
511 1501 694 1544 alterius
721 1500 926 1544 dimidiae
950 1501 1092 1557 partis
1112 1515 1262 1545 versus
1282 1501 1548 1557 pentametri
1568 1501 1742 1555 incidit,

218 1589 309 1629 qua
330 1575 506 1630 quidem
532 1576 580 1618 in
607 1575 708 1619 sede
734 1576 906 1631 plenior
925 1575 1065 1619 forma
1086 1574 1152 1626 εἰς
1171 1577 1312 1631 magis
1340 1577 1584 1629 conveniat,
1613 1590 1744 1631 quam

221 1650 395 1694 tenuior
425 1646 484 1701 ἐς.

334 1725 469 1778 Quod·
497 1728 646 1769 autem
684 1740 707 1770 e
739 1724 1025 1783 scriptoribus
1064 1728 1108 1769 et
1143 1726 1501 1783 inscriptionibus
1538 1726 1592 1770 de
1618 1739 1742 1783 prae-

141 1818 149 1822 ·
214 1801 443 1856 positionis
465 1802 684 1858 scriptura
703 1801 821 1856 apud
835 1801 962 1844 Iones
979 1806 1249 1863 compertum
1263 1801 1485 1855 habemus,
1502 1802 1584 1844 hoc
1602 1815 1744 1856 gram-

212 1876 365 1919 matici
401 1890 576 1932 quoque
613 1879 835 1920 testantur
843 1873 855 1929 '3
897 1880 948 1919 ut
979 1865 1225 1931 ¹Gregorius
1248 1876 1511 1923 ‚Corinthius
1548 1876 1601 1920 de
1641 1876 1743 1920 dial.

213 1951 363 1995 Ionica
389 1937 427 2010 ξ.
456 1951 574 1995 ΧΙΠ.
602 1966 701 2009 pag.
733 1954 829 1995 395.
865 1951 932 1995 ed.
962 1944 1190 1995 Schaefer:
1231 1950 1319 2010 Τὴν
1355 1954 1414 2001 εἷς
1453 1947 1669 2011 πρόθεσιν
1705 1953 1745 2001 ἐς

213 2025 467 2082 λέγουσιν...,
487 2031 553 2070 ·et
590 2027 719 2070 Mich.
748 2027 974 2070 Maittaire
1010 2041 1062 2069 ex
1095 2028 1346 2070 recensione
1374 2031 1418 2070 et
1445 2042 1544 2070 cum
1574 2027 1745 2070 addita-

215 2102 374 2146 mentis
401 2102 474 2146 Fr.
508 2102 623 2146 Guil.
656 2102 816 2146 Sturzii
842 2115 951 2158 pag..
974 2104 1069 2145 134.
1082 2093 1148 2152 Β.
1169 2101 1223 2146 de
1244 2101 1346 2145 dial.
1368 2101 1539 2145 Ionica:
1574 2097 1645 2155 ,ἐς
1663 2114 1743 2157 pro

217 2178 300 2231 εῗςς
334 2181 385 2221 ut
411 2174 458 2228 ἐς
483 2177 681 2222 Herodot
708 2181 747 2233 3,
778 2180 845 2221 56.
873 2178 932 2222 Et
951 2177 997 2221 in
1018 2178 1293 2236 compositis,
1315 2180 1365 2220 ut
1385 2173 1580 2232 ἐςέβαλεν
1605 2181 1641 2231 1,
1667 2179 1744 2229 15;

215 2248 521 2308 ἕςβιβάσαντες
553 2257 598 2308 1,
630 2256 706 2307 60;
736 2252 1075 2307 ἐςακοντίζοντες
1103 2257 1150 2308 9,
1179 2256 1257 2307 49;
1295 2250 1562 2311 ἐςηκόντιζον
1593 2257 1635 2306 1,
1664 2255 1744 2304 43;

219 2321 371 2379 ἕςοδος
406 2332 454 2383 8,
483 2332 576 2372 53.“
612 2328 727 2387 (vide
754 2328 951 2385 Append.
979 2328 1038 2371 ad
1066 2327 1241 2371 Aemilii
1274 2328 1400 2371 P'orti
1438 2327 1744 2370 dictionarium

215 2393 411 2446 Ionicum
432 2404 639 2460 [Londini
663 2404 794 2460 1823]
814 2418 857 2459 p.
880 2403 984 2460 37.).
1009 2402 1176 2456 Quibus
1197 2403 1410 2459 adiungas
1428 2402 1599 2446 Aemilii
1619 2402 1740 2445 Porti

333 2633 379 2677 ⁸²)
405 2633 618 2680 Suspicatur
642 2633 754 2677 enim,
780 2631 875 2679 quod
897 2632 922 2667 1.
946 2643 975 2669 c.
999 2643 1083 2679 pag.
1106 2635 1186 2669 331.
1211 2633 1250 2668 in
1273 2632 1397 2669 Indice
1422 2633 1555 2669 Rerum
1580 2642 1607 2669 S.
1631 2644 1666 2667 v.
1693 2629 1745 2674 εἷς

215 2689 474 2735 pronuntiavit,
499 2692 550 2733 εἰς
573 2701 648 2727 non
672 2691 791 2742 dicere
816 2689 1074 2727 Callimachum
1098 2690 1169 2725 nisi
1192 2694 1278 2725 ante
1301 2690 1472 2725 vocalem.

325 2745 398 2782 Sed
413 2751 545 2792 tamen,
558 2758 605 2785 ne
620 2748 916 2795 praetermittam,
932 2746 1029 2784 idem
1045 2746 1249 2783 Meinekius
1266 2747 1303 2782 in
1319 2747 1577 2793 epigrammate
1593 2746 1742 2799 laudato

134 2814 137 2818 ¹
216 2815 249 2838 v.
275 2805 306 2839 5.
330 2802 501 2840 traditum
523 2805 615 2841 illud
639 2803 835 2857 παρειςδὺς
865 2804 1038 2840 intactum
1061 2804 1223 2850 reliquit,
1255 2809 1365 2850 atque
1389 2804 1502 2849 epigr.
1527 2803 1625 2840 XLI.
1653 2816 1685 2838 v.
1710 2808 1744 2841 5.

216 2859 330 2896 edidit
352 2859 487 2900 οὐκοῦν
513 2860 566 2904 εἰς
592 2860 777 2915 Κηφισόν.

1479 2950 1503 2984 4
1517 2949 1537 2971 *
