1963 3126
855 128 1147 168 —27—

351 270 483 329 Apud
508 269 749 315 Locrenses
774 269 919 327 igitur·
935 269 1248 327 Epizephyrios
1275 267 1331 313 τὰ
1358 264 1410 328 ἧς
1418 268 1490 328 ε”’)·.
1508 283 1601 327 Ῑιτσ
1622 271 1685 323 εἷς
1712 270 1766 318 in

233 363 329 393 usu⁴
344 347 477 393 fuisse
495 345 741 391 verisimile
769 349 848 389 est.
962 355 964 358 ’
1084 388 1088 395 ,

248 462 254 468 ,
274 464 276 466 .
302 443 312 481 3·
346 422 477 467 ‘Aliae
497 436 599 466 vero
620 435 735 477 quae
754 420 812 464 ad
838 420 1095 470 severiorem
1117 420 1323 470 Doridem
1344 420 1579 476 pertinent,
1597 424 1765 477 gentes,

234 502 285 544 ut
298 497 633 551 Heracleenses,
650 495 1042 549 Lacones5·,Cretes
1055 529 1065 549 ,
1089 495 1315 551 Cyrenaei,¹
1334 511 1415 552 pro
1447 492 1497 554 ’ῆς
1522 495 1765 539 breviorem

234 573 421 630 formam
459 574 501 623 ἐς
525 572 800 629 ‘praetulisse
840 570 1064 626 videntur,
1109 574 1321 627 quantum
1358 586 1411 615 ex
1449 585 1617 625 eorum,
1654 585 1766 627 quae

235 651 495 705 supersunt,
523 648 751 694 literarum
777 647 1071 691 monumentis
1101 646 1315 690 coniicere
1342 647 1458 690 licet.

353 723 425 780 Sic
452 723 721 777 Laconibus,
751 728 803 767 ut
832 722 889 767 ab
908 723 962 766 iis
984 722 1212 776 exordiar,
1234 737 1344 778 quos
1365 723 1580 766 severiore
1602 722 1766 783 Doride

235 802 353 842 certe
392 796 714 854 antiquioribus
765 795 1038 853 temporibus
1078 799 1180 841 ante
1223 809 1385 840 annum
1420 797 1765 856 ducentesimum

234 887 274 916 a.
304 873 405 916 Chr.
430 887 533 916 usos
565 886 661 918 esse
689 875 878 915 constat
902 871 977 927 (cf.
1007 871 1192 920 Ahrens.
1219 871 1248 913 1.
1277 886 1313 914 c.
1343 871 1404 923 11.-
1428 886 1527 927 pag.
1557 872 1687 930 405),
1713 871 1765 914 τό

235 946 283 999 ἐς
307 948 534 1004 proprium
569 946 727 1000 fuisse,
765 946 954 1003 primum
982 960 1035 990 ex
1063 946 1369 1002 Aristophanis
1396 946 1652 1003 Lysistrata·
1670 962 1768 1003 per-

234 1024 437 1081 spicitur,
466 1024 511 1066 in
539 1036 627 1079 qua
654 1021 805 1065 fabula
837 1036 875 1064 v.
909 1024 989 1064 156
1022 1020 1111 1079 (ed.
1136 1021 1345 1079 Brunck.)
1365 1021 1503 1079 habes
1523 1018 1769 1080 παρεςιόών

234 1104 280 1144 et
306 1116 344 1143 v,
377 1102 489 1142 1244
525 1096 573 1149 ἐς
599 1096 687 1149 τώς
715 1095 963 1149 Ἀσαναίως
990 1084 1142 1155 τὲκῆς
1154 1095 1422 1156 3⁸)123516934)
1450 1091 1587 1152 ἅμα,·.
1606 1088 1783 1154 quibus*

233 1175 342 1218 locis
377 1174 581 1217 Lacaena
615 1173 834 1229 quaedam
871 1176 916 1215 et
950 1171 1067 1215 Laco
1096 1173 1242 1228 patrio
1270 1186 1470 1215 sermone
1500 1176 1676 1217 utentes
1702 1174 1766 1217 lo-

234 1254 441 1306 quuntur.

351 1324 502 1381 Neque
518 1324 660 1368 minus
681 1338 704 1368 e
728 1325 1046 1381 Spartanorum
1067 1322 1243 1367 decreto
1264 1323 1308 1366 in
1330 1324 1606 1369 Timotheum
1619 1358 1630 1379 ‚
1646 1324 1765 1381 quod

236 1401 461 1443 Maittaire
495 1401 632 1443 edidit
672 1400 904 1454 „GRAECAE
929 1401 1141 1444 LINGUAE
1167 1400 1434 1443 DIALECTI“
1460 1416 1561 1457 pag.
1591 1405 1674 1445 287
1702 1416 1766 1458 sq.

232 1649 329 1686 liche
353 1650 412 1693 ἐνς
435 1648 537 1686 nicht
562 1649 601 1685 in
626 1648 691 1697 εἰς,
716 1647 754 1692 ἐς
779 1647 867 1685 oder
893 1647 953 1697 ἐν,
978 1647 1135 1684 sondern
1160 1648 1197 1684 in
1221 1649 1277 1701 ἧς.
1317 1649 1587 1697 Merkwuerdig
1608 1650 1658 1687 ist
1681 1651 1769 1688 aber

234 1708 299 1743 das
326 1708 501 1744 anreihen
541 1708 662 1742 dieser
697 1706 921 1752 bemerkung
955 1717 1003 1747 an
1036 1707 1094 1742 die
1129 1707 1256 1743 formel
1281 1709 1326 1760 ἧς
1363 1708 1549 1760 κόρακας,
1583 1710 1655 1746 die·
1675 1710 1768 1748 nach

232 1775 366 1812 spuren
383 1764 728 1811 Aristophanischer
751 1762 1033 1800 handschriften
1057 1764 1096 1801 in
1112 1763 1171 1799 die
1187 1764 1436 1809 gewohnliche
1452 1767 1540 1801 rede
1555 1766 1769 1812 gedrungen

226 1822 314 1859 ‘sein
337 1826 454 1868 mag.“

347 1880 508 1925 Dindorf
541 1881 564 1916 l.
598 1891 644 1916 c.:
684 1879 779 1923 „Pro
802 1879 1006 1931 ἐςκόρακας
1034 1889 1081 1925 ap
1128 1879 1315 1925 Aristoph.
1349 1880 1457 1927 Vesp.
1486 1882 1566 1918 982.
1599 1882 1637 1917 in
1666 1882 1769 1918 libris

234 1939 378 1985 optimis
403 1939 617 1991 ἠσχόραχας
641 1938 813 1984 scriptum
836 1937 876 1973 in
900 1947 973 1972 uno
997 1934 1242 1991 ιῘίσκὸραχας,
1273 1939 1334 1985 qui
1357 1938 1584 1992 ἦσκόρακας
1610 1940 1658 1976 ib.
1684 1939 1768 1986 8523

232 1997 295 2032 ubi
330 1997 423 2032 Ven.
452 1997 475 2048 ἦ
514 1997 618 2048 σχὸρ
670 1994 771 2039 Quae
802 1995 1046 2031 memorabilis
1079 2002 1136 2032 est
1168 1999 1370 2045 scripturae
1402 1999 1593 2034 diversitas
1621 2003 1770 2044 propter

234 2055 507 2092 annotationem
524 2054 625 2090 schol
665 2054 757 2090 Vict.
777 2052 834 2089 ad.
851 2053 957 2089 Hom
975 2053 1017 2089 11.
1034 2055 1086 2102 Ψ,
1112 2058 1152 2091 7.
1178 2054 1240 2108 Μὴ
1270 2058 1377 2108 δήπω
1403 2060 1481 2101 etc,
1505 2055 1569 2092 ubi
1588 2056 1637 2110 ἠς
1661 2055 1768 2109 κόρα.

232 2128 301 2156 m<
325 2117 425 2148 recte
449 2113 629 2158 corrigere
653 2115 741 2158 puto
765 2111 989 2147 Meinekium
1014 2111 1111 2147 Com.
1136 2113 1216 2149 Vol.
1242 2116 1274 2150 3.
1298 2126 1383 2161 pag.
1411 2115 1513 2150 137.“

352 2185 398 2229 ³²)
425 2185 593 2221 Formam
622 2184 667 2237 ἧς
699 2183 817 2220 etiam
831 2182 950 2232 reperi
980 2182 1018 2218 in
1052 2182 1191 2221 duabus
1223 2172 1520 2232 inscriptionibus
1552 2160 1769 2223 Christianis

232 2241 271 2277 in
294 2241 470 2278 Boeckhii
488 2242 647 2289 Corpore
670 2242 837 2289 Inscript.
862 2241 942 2278 Vol.
966 2241 1028 2277 IV.
1052 2253 1107 2277 nr.
1132 2243 1242 2290 8853.
1258 2243 1309 2289 (in
1332 2243 1453 2289 lapide
1470 2244 1608 2281 Romae
1624 2244 1768 2288 effosso)

231 2299 296 2337 lin.
311 2301 384 2336 3·'
367 2316 413 2353 ης
433 2301 476 2341 τὸ
490 2301 750 2353 παλουμβᾶριν
767 2305 804 2336 et
819 2311 873 2336 nr.
890 2297 993 2336 8932·
1006 2299 1069 2336 lin·
1083 2300 1117 2336 2·
1138 2300 1379 2357 ἠςελεὺσοντε
1403 2312 1471 2348 pro
1494 2295 1769 2351 ειςελεὸςονται,

234 2357 331 2404 quod
353 2358 474 2405 ipsum
496 2359 632 2405 legitur
655 2360 756 2395 8930.
781 2362 819 2395 et
842 2370 893 2395 nr⁴
912 2359 1015 2394 8931.
1040 2358 1140 2395 Haec
1164 2361 1285 2395 tamen
1308 2359 1402 2395 ratio
1419 2358 1563 2396 videtur
1584 2361 1769 2408 negligen-

234 2415 307 2451 tiae
331 2415 473 2452 cuidam
496 2416 555 2451 vel
578 2417 700 2462 potius
716 2416 891 2461 peculiari
906 2414 1193 2462 pronuntiationi
1210 2416 1386 2461 originem
1410 2416 1558 2462 debere3
1583 2428 1768 2464 compares

234 2473 377 2526 ἠρήνην
401 2485 457 2510 nr.
469 2474 572 2510 9607.
597 2473 660 2509 lin.
686 2474 719 2510 2.
744 2483 812 2519 pro
837 2472 996 2526 εἰρήνην.
1611 2511 1616 2516 ,

349 2543 397 2588 ³³)
421 2544 489 2595 χής
517 2552 563 2578 ex
587 2543 663 2582 χαὶ.
673 2543 731 2590 ἐς
756 2542 853 2588 quod
877 2542 946 2578 hoc
969 2542 1248 2579 loco·Brunckii
1272 2542 1413 2579 codices
1437 2543 1544 2588 Regii
1583 2544 1769 2590 praebent,

232 2598 357 2635 natum
382 2603 440 2635 est
462 2600 658 2636 secundum
683 2600 852 2637 Doricam
876 2600 1132 2637 contractionis
1158 2600 1340 2646 quandam
1364 2600 1493 2646 legem,
1519 2601 1601 2637 vide
1627 2601 1769 2637 Ahren-

234 2655 373 2692 siuml.
399 2668 427 2692 c.
453 2658 500 2694 ΙΙ.
524 2667 608 2704 pag.
634 2659 714 2694 220.
735 2669 789 2704 sq.

333 2720 396 2770 ³¹)
421 2725 928 2775 Ahrensius‚l.c.11.pag
953 2727 1033 2766 261.
1057 2727 1341 2775 Aristophanem
1365 2728 1402 2764 h.
1429 2729 1452 2766 1.
1479 2729 1641 2766 Atticum
1668 2733 1771 2785 ἡμᾶς

232 2754 408 2819 tolerasse
439 2794 512 2819 non
545 2784 675 2829 credit,
716 2785 781 2821 sed
810 2786 1016 2831 suspicatur
1044 2786 1140 2822 hanc
1171 2787 1321 2831 genuini
1353 2787 1475 2830 αὐτὼς
1501 2789 1771 2836 interpretatio-

178 2878 182 2881 .
234 2849 318 2904 nem
341 2850 439 2877 esse·
449 2841 504 2886 ἐς
530 2843 605 2887 τὼς
629 2840 841 2887 Α’σαναίως
865 2857 907 2883 τε
934 2843 1004 2897 κής
1029 2842 1155 2887 αὐτὸς
1182 2843 1285 2896 ἅμα.
