1963 3126
625 538 1029 616 PAR
1045 540 1141 617 S
1220 542 1407 618 11-

886 769 1145 786 —cm—

242 969 330 1018 DE
351 967 601 1020 VARIIS
614 964 915 1031 FORMIS,
939 966 1109 1027 QUAE
1128 967 1225 1016 EX
1246 967 1345 1017 AN
1347 968 1773 1029 TIQUISSIMA

338 1054 508 1105 ILLA
530 1060 664 1107 ἘΝΣ
691 1054 882 1105 APUD
913 1052 1214 1105 GRAECOS
1239 1053 1456 1106 NATAE
1481 1054 1678 1106 SUNT.

359 1192 504 1244 Quum
541 1191 689 1235 variae
724 1190 977 1234 exstiterint
1011 1190 1206 1233 Graecae
1243 1190 1421 1246 linguae
1455 1190 1653 1246 dialecti,
1682 1192 1777 1248 jam

238 1281 318 1322 per
346 1280 392 1309 se
420 1269 571 1322 patet,
613 1266 746 1309 etiam
782 1266 906 1308 varia
943 1264 1078 1308 fuisse
1105 1266 1443 1320 praepositionis
1470 1270 1646 1310 nostrae
1674 1267 1781 1310 scri-

239 1340 409 1385 bendae
426 1355 609 1397 genera;
632 1344 676 1385 et
697 1340 874 1397 quidem
895 1339 1208 1393 inliteratum,
1231 1354 1344 1395 quae
1367 1345 1618 1397 supersunt,
1645 1341 1780 1385 Grae-

239 1432 390 1460 carum
417 1417 710 1460 monumentis
739 1431 814 1460 sex
844 1416 1121 1472 potissimum
1154 1415 1281 1459 nobis
1314 1420 1551 1460 occurrunt
1589 1416 1777 1461 formae:
1845 1471 1850 1474 ,

238 1489 323 1543 εἷς,
355 1490 421 1545 ἐς,
454 1489 518 1545 ig,
552 1488 620 1549 ἧς,
653 1489 711 1544 ἐν,
744 1489 806 1544 ἰν;
843 1491 889 1534 in
929 1489 1087 1547 quibus
1125 1489 1384 1533 adhibendis
1418 1491 1507 1534 alia
1541 1490 1654 1534 alius
1685 1491 1779 1535 dia-

237 1567 343 1610 lecti
372 1570 469 1610 erat
496 1567 623 1609 ratio.
651 1566 807 1622 Itaque
827 1566 921 1621 jam
947 1569 1147 1609 nostrum
1176 1569 1263 1619 est,
1298 1566 1443 1608 varias
1472 1565 1667 1609 Graecae
1695 1567 1777 1610 lin-

238 1657 350 1698 guae
386 1641 621 1694 dialectos,
650 1640 897 1694 Aeolicam,
926 1640 1152 1691 Doricam,
1182 1641 1404 1694 Jonicam,
1434 1641 1652 1694 Atticam,
1694 1642 1779 1684 sin-

237 1717 363 1772 gulas
401 1716 605 1772 deinceps
640 1715 934 1772 perlustrare,
971 1718 1021 1757 ut
1054 1715 1099 1757 in
1138 1729 1401 1770 unaquaque
1441 1730 1777 1772 cognoscamus,

235 1792 413 1835 illarum
434 1790 674 1833 formarum
698 1803 810 1845 quae
830 1789 1108 1846 potissimum
1128 1791 1378 1845 regnaverit
1399 1794 1443 1833 et
1465 1792 1641 1834 omnino
1662 1805 1777 1847 quae

236 1867 295 1910 sit
322 1866 539 1918 admissa3
574 1865 632 1908 ad
667 1879 797 1926 quem
831 1863 963 1907 finem
996 1879 1170 1908 necesse
1205 1869 1272 1908 est
1305 1866 1648 1920 uniuscujusque
1685 1854 1778 1909 dia-

233 1942 339 1986 lecti
367 1942 532 1995 fontes,
572 1940 666 1984 scil.
695 1940 1023 1996 inscriptiones,
1050 1940 1308 1997 scriptores,
1337 1941 1671 1996 grammaticos,
1699 1940 1777 1985 ad-

236 2030 386 2060 eamus
415 2020 549 2071 atque
573 2016 866 2071 exquiramus.

336 2509 691 2573 QUOMODO
730 2509 1179 2562 PRAEPOSITIO
1220 2509 1517 2562 SCRIPTA
1558 2508 1668 2561 SIT

598 2598 678 2648 IN
715 2596 1009 2648 AEOLICA
1046 2597 1421 2649 DIALECTO.

352 2735 483 2792 Apud
511 2734 669 2779 Aeoles
701 2737 851 2779 autem
889 2749 1001 2791 quae
1029 2734 1163 2779 fuerit
1188 2734 1525 2792 praepositionis
1553 2734 1776 2791 scriptura

233 2811 490 2867 priusquam
512 2810 803 2866 inquiremus,
825 2810 934 2854 haec
954 2824 1096 2865 pauca
1117 2810 1224 2853 mihi
1246 2815 1347 2853 sunt
1367 2809 1776 2866 praemonenda.—
