1963 3126
786 137 1077 178 -44-

159 276 203 327 h,
229 276 259 322 1.
284 278 542 335 pleniorem
552 277 740 328 formam
777 280 839 328 εἰς
874 277 1065 324 breviori
1099 252 1384 335 praetulerit,
1426 276 1615 320 fortasse
1643 289 1697 322 ea

160 356 251 408 est,
272 354 392 410 quod
416 354 685 420 praepositio
704 354 752 398 in
761 354 891 399 arsin
903 353 1066 398 incidit
1091 352 1371 410 primariam:
1398 345 1427 395 ἅ
1451 364 1504 397 σε
1525 349 1697 410 χαίρειν

159 429 223 481 εἰς
246 428 411 488 τρίς-66)
437 425 685 474 αυδάσεισα
711 427 1023 488 πεπρῶμενον,
1051 428 1450 486 (-».--.’...---’
1459 454 1662 469 -----

280 504 408 560 Quod
432 508 583 550 autem
609 505 664 548 de
694 504 886 548 Pindaro
911 504 1054 558 valet,
1087 490 1206 548 idem
1232 503 1408 548 omnino
1435 501 1490 547 de
1520 502 1693 547 Doricis

161 579 313 635 lyricis
333 579 614 623 statuendum
642 583 723 633 est,
751 579 815 622 ita
835 578 1024 634 quidem,
1053 581 1104 621 ut
1130 576 1178 628 ἐς
1197 577 1323 634 apud⁴
1335 591 1410 622 eos
1429 577 1692 634 regnaverit,

159 655 224 704 εΙς
248 667 353 697 vero
385 653 458 697 hic
494 653 585 696 illic
623 657 796 697 tantum
828 652 1068 697 admissum
1096 652 1168 706 sit,
1197 656 1243 696 et
1266 654 1450 709 propter
1475 652 1607 701 metri
1631 652 1693 699 le-

159 741 258 783 gem
286 731 331 771 et-
356 741 669 783 nonnunquam
690 727 801 770 alias
836 727 1014 786 (velut
1001 742 1048 770 m
1070 725 1305 771 Simonidis
1327 726 1404 772 Cei
1424 726 1691 772 carminibus

156 802 209 845 fr.
232 805 302 855 33,
328 806 365 845 1.
380 802 435 859 ⁶⁷)
457 800 524 853 εἰς
540 801 594 845 τὰ
613 798 842 857 τεθνάναι,
868 801 921 845 fr.
951 804 1031 857 35,
1061 804 1100 845 2.
1138 800 1350 856 εἳςδυσις,
1378 800 1431 845 fr.
1460 804 1529 857 44,
1563 804 1599 847 1.
1627 804 1692 854 εἰς

153 873 410 936 Κόρινθον).

269 954 433 997 Verum
460 968 488 996 a
506 954 694 998 Doricae
722 953 900 997 dialecti
925 953 1211 1010 scriptoribus
1230 953 1389 1011 pedem
1409 953 1574 998 referre
1599 968 1688 1003 non

153 1040 347 1086 possum,
374 1028 489 1085 quin
502 1027 557 1071 de
580 1042 661 1072 usu
681 1029 1020 1085 praepositionis
1041 1026 1087 1072 ἐν
1107 1042 1208 1072 cum
1228 1029 1480 1073 accusativo
1512 1029 1687 1073 iunctae

151 1103 271 1160 apud
297 1103 538 1146 Pindarum
563 1104 762 1150 nonnihil
790 1103 1010 1147 adiiciam.

267 1178 462 1223 Primum
482 1177 620 1235 igitur
641 1178 842 1235 quaestio
861 1178 1068 1233 exoritur,
1084 1177 1202 1223 unde
1220 1181 1354 1235 poeta
1369 1179 1686 1236 proprietatem

149 1254 272 1299 illam
301 1253 519 1298 asciverit.
549 1254 692 1310 Vulgo
713 1254 965 1311 opinantur,
992 1253 1049 1297 ab
1077 1254 1364 1298 Aeolensibus
1389 1255 1530 1310 iisque
1550 1255 1688 1299 Boeo-

149 1330 228 1383 tis,
267 1328 428 1385 quibus
463 1329 574 1373 illud
606 1327 653 1372 ἐν
681 1344 717 1372 c.
746 1343 837 1373 acc.
866 1329 1089 1385 peculiare
1116 1328 1249 1372 fuisse
1277 1318 1412 1385 supra
1436 1329 1686 1383 docuimus;

149 1403 533 1463 sed'verisimilius
559 1418 653 1447 esse
679 1403 866 1458 videtur,
887 1403 1005 1459 quod
1025 1403 1265 1446 Ahrensius
1286 1403 1315 1445 l.
1334 1417 1370 1446 c.
1386 1403 1444 1447 11.
1464 1417 1566 1461 pag.
1584 1407 1684 1448 360,

148 1482 194 1523 et
228 1493 329 1536 pag.
359 1483 459 1522 410.
488 1492 551 1535 sq.
584 1479 856 1536 suspicatur,
895 1478 1076 1523 Pindari
1113 1478 1470 1523 consuetudinem
1505 1479 1629 1524 illam
1663 1494 1687 1523 e

146 1554 481 1611 septentrionali
508 1554 673 1598 Doride
709 1568 850 1610 eaque
878 1554 1093 1610 Delphica
1127 1554 1405 1612 potissimum
1438 1554 1593 1611 lingua
1616 1569 1685 1602 ree

144 1629 399 1687 petendam,
438 1629 495 1673 ad
521 1644 655 1686 quam
683 1630 859 1675 omnino
886 1629 1143 1674 Pindaricae
1170 1629 1349 1674 dialecti
1375 1633 1549 1688 partem
1576 1629 1685 1674 refe-

144 1704 329 1749 rendam
349 1719 443 1749 esse
458 1706 531 1749 vix
549 1711 813 1762 quemquam
832 1705 966 1762 paulo
981 1705 1231 1749 accuratius
1251 1707 1532 1761 reputantem
1546 1704 1685 1749 latere

143 1780 284 1836 possit
310 1779 364 1822 cf.
392 1780 577 1823 Ahrens.
604 1780 632 1823 l.
662 1781 771 1836 c.⁶⁸)

262 2016 308 2061 ⁶⁶)
334 2016 413 2053 Viri
450 2016 564 2061 docti,
595 2020 635 2052 ut
666 2015 783 2052 obiter
809 2024 992 2059 moneam,
1023 2016 1120 2052 inter
1151 2015 1365 2062 scripturam
1391 2016 1522 2071 εἰςτρὶς
1546 2018 1605 2057 vel
1631 2018 1682 2063 ig.

142 2075 221 2129 τρὶς
256 2075 486 2126 (συνθέτως)
520 2079 557 2112 et
590 2075 642 2118 εἰς
668 2075 748 2127 τρὶς
775 2075 832 2111 vel
861 2075 900 2118 ἐς
924 2074 1003 2127 τρὶς
1034 2072 1097 2122 (οὐ
1135 2074 1341 2118 συνθέτως)
1374 2074 1564 2114 fluctuant.
1610 2076 1682 2114 Sed

142 2134 234 2171 haec
257 2134 352 2170 ratio
374 2132 429 2169 illi
454 2132 697 2179 praeferenda
722 2138 803 2168 esse
826 2132 988 2176 videtur,
1022 2142 1093 2177 qua
1127 2131 1173 2166 de
1196 2141 1236 2167 re
1268 2132 1436 2168 conferas
1460 2132 1683 2170 Lobeckium

143 2187 406 2236 ,Pathologiae
422 2189 555 2228 Graeci
569 2189 747 2225 sermonis
762 2189 968 2225 Element.“
983 2189 1013 2224 Ι.
1029 2199 1113 2234 pag.
1137 2188 1224 2233 6213
1249 2188 1312 2224 ubi
1336 2189 1562 2230 observavit:
1589 2190 1677 2235 „sed

145 2248 322 2294 „legimus
346 2256 436 2283 sane
458 2246 514 2290 εἰς
543 2246 599 2289 δίς
623 2248 785 2299 (χειμὼν
815 2245 1058 2296 ἐπιγίγνεται)
1075 2245 1233 2292 Appian.
1249 2246 1377 2283 Mithr.
1401 2257 1430 2283 c.
1447 2248 1493 2282 78
1509 2251 1547 2284 et
1569 2248 1683 2285 multo

143 2299 329 2352 „crebrius
361 2303 415 2347 εἰς
442 2307 523 2356 τρίς
548 2303 717 2350 Xenoph.
749 2303 868 2340 Anah.
899 2302 962 2339 IV.
991 2302 1025 2339 2.
1052 2303 1119 2345 (4.)
1147 2303 1201 2340 16.
1233 2307 1367 2341 etc....
1393 2314 1571 2351 nusquam
1594 2315 1682 2347 vero

142 2361 302 2415 „3:2ch
334 2361 432 2408 quod
456 2361 494 2398 in
518 2359 625 2397 Pind.
650 2361 706 2398 Ol.
731 2360 779 2398 11.
804 2362 862 2398 68.
886 2361 996 2407 (124.)
1020 2361 1128 2409 Pyth.
1152 2362 1215 2398 IV.
1241 2363 1299 2399 61.
1324 2363 1422 2409 (109)
1450 2373 1474 2399 a
1496 2362 1683 2402 Boeekhio

143 2421 316 2469 „eiusque
340 2419 607 2457 successoribus
634 2419 771 2455 editum
796 2423 852 2455 est
876 2419 1019 2455 sublato
1043 2420 1266 2466 syllabarum
1290 2420 1487 2457 intervallo
1510 2430 1583 2467 quo
1605 2421 1683 2458 solo

140 2478 370 2526 „appositum
393 2490 417 2515 a
440 2477 640 2524 composito
663 2477 821 2514 discerni
844 2481 984 2523 potest,
1013 2488 1098 2513 nam
1130 2481 1301 2516 accentus
1336 2488 1411 2515 non
1438 2478 1608 2525 migiatfl.
1640 2495 1683 2510 -ι-

258 2547 306 2592 ⁸⁷)
332 2558 353 2586 e
369 2546 636 2585 Schneidewini
651 2546 865 2583 recensione
889 2546 927 2582 in
943 2546 1097 2583 Delectu
1123 2546 1243 2593 poesis
1260 2546 1481 2583 Graecorum
1500 2558 1586 2596 pag.
1603 2551 1682 2586 393.

255 2618 304 2664 ⁶⁸)
328 2618 481 2653 Praeter
502 2615 702 2653 Pindarum
727 2613 836 2651 etiam
860 2615 1065 2652 Hesiodeae
1098 2615 1244 2653 dialecti
1269 2625 1467 2653 consensus
1492 2627 1572 2653 cum
1598 2618 1683 2656 Del·

136 2675 245 2726 phica
268 2673 443 2711 notabilis
467 2677 534 2718 est,
560 2683 631 2720 qua
655 2673 701 2708 de
725 2682 767 2708 re
791 2672 1015 2708 Alirensium
1038 2672 1063 2710 1.
1087 2684 1119 2710 c.
1142 2673 1189 2711 11.
1212 2684 1299 2720 pag.
1316 2675 1397 2711 410.
1415 2673 1595 2721 consulas,
1618 2675 1682 2713 ubi

138 2733 202 2770 ille
220 2731 506 2785 praepositionis
531 2740 676 2785 quoque
700 2731 738 2772 ἐν
763 2741 793 2769 c.
817 2741 892 2768 acc.
916 2740 1023 2768 usum
1054 2741 1124 2779 pro
1149 2730 1201 2777 εἰς
1224 2730 1387 2769 Hesiodo
1416 2732 1619 2783 assignavit
1641 2733 1681 2772 in

140 2791 205 2842 ἑὴν
231 2790 436 2841 ἐγκάτθετο
462 2790 576 2843 νηδύν
605 2788 746 2837 Theog.
769 2801 805 2826 v.
828 2790 910 2827 487.
934 2790 1015 2826 890.
1049 2790 1139 2835 899;
1174 2789 1270 2836 quod
1302 2789 1411 2829 etiam
1435 2790 1681 2842 Goettlingius

138 2847 192 2894 (in
215 2847 303 2885 Hes,
326 2847 466 2896 Theog
492 2847 649 2885 editione
673 2847 711 2884 in
736 2851 812 2885 not.
836 2847 884 2885 ad
907 2848 946 2886 h.
969 2847 1009 2896 l.)
1030 2848 1190 2895 agnovit.
1214 2847 1261 2886 6.
1281 2848 1513 2889 Heumann:
1538 2849 1681 2897 quiden
