1963 3126
839 142 1131 180 ..52-

227 278 396 338 (Lexic.
425 280 560 322 Ionic.
588 294 620 321 s.
650 295 687 321 v.
718 277 782 336 ἐς)
812 280 1179 332 observationem,
1215 293 1346 334 quam
1374 294 1508 334 supra
1533 281 1622 323 iam
1648 281 1758 340 cita-

222 355 384 397 vimus:
413 349 484 407 7,ἐς
503 367 705 409 praepos.
735 352 914 397 Ionibus
935 352 1164 397 familiaris
1184 367 1264 410 pro
1286 367 1394 398 com.
1417 350 1524 405 εἶς“.
1548 349 1756 398 Conferas

224 429 358 471 etiam
377 428 645 471 recentiores
667 428 975 483 grammaticos
996 431 1041 470 et
1061 427 1393 484 lexicographos
1414 441 1448 470 s.
1465 442 1504 470 v.
1524 424 1570 476 ἐς
1590 428 1660 484 yel
1681 429 1755 477 εἷς.

341 502 428 546 Sed
453 503 542 545 iam
569 502 623 545 de
651 502 802 545 Ionica
831 502 1021 545 dialecto
1044 516 1156 557 quae
1176 516 1309 558 porro
1332 502 1474 547 dicam
1495 516 1581 545 non
1598 500 1755 547 habeo.

223 576 383 621 Statim
419 575 557 632 igitur
589 575 648 620 ad
679 579 949 632 postremam
975 576 1115 620 totius
1142 575 1453 632 disputationis
1479 579 1653 634 partem
1678 589 1756 633 ag-

221 650 425 705 grediar,
452 651 499 692 in
527 664 619 705 qua
644 650 698 693 de
727 651 878 693 Attica
905 650 1094 693 dialecto
1123 663 1344 705 quaeram.

832 850 1148 877 ‘rw-rx-

779 1018 1081 1085 Oaput
1117 1017 1201 1069 4.

398 1194 476 1242 IN
514 1173 783 1244 ATTIC'A
820 1191 1178 1244 DIALECTO
1218 1190 1575 1254 QUOMODO

518 1278 967 1331 PRAEPOSITIO
1011 1278 1308 1338 SCRIPTA
1348 1278 1474 1329 srr.

340 1416 484 1460 Multa
515 1417 692 1472 quidem
719 1421 765 1460 et
796 1418 919 1460 varia
948 1417 1001 1460 de
1029 1417 1369 1472 praepositionis
1397 1417 1619 1472 scriptura
1639 1417 1758 1472 apud

225 1492 398 1534 Atticos
427 1506 455 1533 a
483 1492 589 1534 viris
617 1492 780 1544 doctis,
808 1495 859 1533 ut
887 1506 940 1534 ex
965 1492 1065 1547 ipsa
1092 1492 1456 1534 commentatione
1480 1490 1597 1534 infra
1624 1505 1759 1546 appa-

197 1565 358 1620 ·rebit,
388 1565 618 1623 disputata
642 1570 768 1621 sunt,
806 1566 883 1609 sed
913 1566 1195 1610 nihilominus
1222 1565 1330 1609 haec
1359 1565 1558 1622 quaestio
1585 1567 1632 1608 in
1662 1565 1757 1608 uni-

223 1655 397 1683 versum
435 1642 560 1695 quasi
597 1642 745 1696 posita
781 1646 955 1684 tantum
995 1645 1131 1696 atque
1168 1642 1398 1694 inchoata,
1439 1642 1617 1684 minime
1653 1655 1756 1684 vero

222 1715 366 1758 adhuc
393 1715 598 1759 absoluta
624 1730 676 1758 ac
703 1715 902 1771 perfecta
929 1715 1016 1758 dici
1042 1719 1204 1771 potest.
1244 1715 1387 1767 Quare
1419 1715 1516 1771 ipse
1553 1714 1610 1758 ad
1643 1714 1756 1758 hanc

218 1804 315 1833 rem
331 1804 464 1845 quam
480 1791 810 1833 accuratissime
831 1790 1129 1845 inda-gandam
1145 1794 1190 1832 et
1206 1790 1533 1833 diiudicandam
1548 1790 1757 1833 accedere

218 1864 327 1908 mihi
356 1865 580 1921 proposui.
622 1865 690 1908 Ex
725 1879 824 1908 mea
858 1868 1006 1908 autem
1041 1864 1343 1909 observatione
1379 1879 1449 1909 res
1486 1865 1661 1909 omnino
1694 1865 1758 1908 sic

225 1954 320 1984 sese
347 1939 510 1984 habere
538 1939 725 1985 videtur.

336 2014 620 2070 Distinguere
650 2015 858 2059 debemus
888 2017 1003 2059 inter
1029 2020 1223 2059 veterem
1242 2016 1525 2059 Atticismum
1541 2020 1590 2059 et
1608 2030 1758 2059 recen-

216 2090 395 2144 tiorem,
433 2091 479 2133 in
510 2104 695 2146 quorum
732 2092 879 2147 priore
916 2091 968 2133 vo*
1002 2090 1049 2143 ἐς
1079 2092 1354 2148 potissimum
1380 2091 1592 2145 valuisse,
1620 2091 1667 2133 in
1696 2090 1759 2134 al-

217 2169 314 2208 tero
341 2169 490 2208 autem
517 2163 569 2207 τὸ
596 2168 675 2218 εἷς,
707 2166 816 2209 satis
866 2170 1053 2210 constat.
1090 2167 1289 2223 Namque
1334 2169 1525 2211 veterem
1562 2167 1758 2210 Atticam

220 2238 459 2282 dialectum
479 2243 558 2282 aut
578 2240 761 2283 eandem
783 2240 931 2294 fuisse,
954 2254 1066 2296 quae
1087 2236 1249 2294 Ionica,
1276 2245 1354 2283 aut
1370 2240 1426 2283 ab
1455 2255 1507 2283 ea
1520 2255 1758 2296 perparum

219 2312 532 2369 discrepuisse,
567 2318 612 2358 et
631 2319 800 2358 veteres
821 2316 1100 2370 grammatici
1126 2319 1349 2358 testantur
1376 2318 1422 2357 et
1453 2314 1510 2358 ab
1537 2315 1636 2359 aliis
1664 2329 1757 2358 eru-

212 2387 324 2433 :ditis
357 2388 608 2434 hominibus
642 2391 857 2434 invitante
892 2391 1119 2435 occasione
1154 2391 1318 2447 passim
1347 2391 1562 2436 monitum
1596 2388 1756 2448 est;⁸⁸)

222 2464 338 2506 unde
390 2469 730 2510 consentaneum
764 2470 832 2509 est
868 2467 1105 2520 coniicere,
1153 2467 1219 2509 illi
1266 2480 1365 2510 cum
1410 2467 1521 2521 hac,
1570 2466 1624 2509 de
1671 2480 1760 2521 qua

336 2712 385 2755 0³)
411 2712 458 2748 cf.
475 2712 694 2758 interpretes
712 2712 757 2748 ad
782 2713 996 2758 Gregorium
1013 2713 1240 2750 Corinthium
1256 2724 1341 2760 pag.
1368 2716 1443 2751 153.
1469 2714 1560 2750 383.»
1573 2715 1651 2750 391.
1675 2715 1757 2751 491.

221 2768 302 2804 628.
327 2768 426 2814 (edit.
444 2768 657 2812 Schaeferi.)
683 2774 719 2804 et
740 2770 853 2806 Mich.
868 2771 1054 2807 Maittaire
1079 2771 1125 2807 de
1149 2772 1310 2807 Graecae
1334 2772 1424 2817 ling.
1449 2772 1534 2811 dial.
1559 2771 1758 2809 Introduct.

218 2836 303 2871 pag.
328 2826 393 2862 111.
