1963 3126
819 114 1110 154 -18-

193 257 312 295 tasse
339 254 556 296 incertum
583 254 797 307 videatur,
827 254 1057 297 manifeste
1080 257 1327 309 appareret,
1357 253 1730 296 Schneidewinum

195 328 242 369 in
270 327 455 371 Delectu
481 343 600 384 poes.
627 328 781 372 Graec.
808 343 908 384 pag.
931 332 1029 372 436.
1061 333 1106 372 et
1132 328 1366 383 Bergkium
1400 329 1446 371 in
1483 327 1596 372 libro
1623 329 1729 382 „Po-

194 405 293 445 etae
323 401 452 457 lyrici
484 402 642 447 Graeci
671 403 737 446 ed.
766 417 832 459 pr.
861 403 980 459 Lips.
1015 406 1153 446 1843“
1181 417 1282 460 pag.
1321 406 1418 446 815.
1454 407 1543 447 not.
1582 403 1641 446 ad
1675 402 1728 445 fr.

194 479 262 519 23.
299 491 489 531 errasse,
530 492 665 533 quum
698 492 873 521 versum
910 478 1054 521 illum:
1109 478 1318 529 Τοίουτος
1345 476 1410 529 εἰς
1446 474 1594 536 Θήβας
1619 475 1730 529 πάϊς

192 546 434 610 ἀρμάῑεσσ’
473 547 684 610 όχὴμενος
712 552 969 610 (Hephaest.
996 566 1097 609 pag.
1138 552 1228 611 81.)
1269 552 1484 597 Corinnae
1517 552 1728 608 tribuant,

194 642 306 683 quae
334 628 506 684 poetria
534 643 587 670 ex
602 629 868 671 Boeotorum
896 642 979 670 usu
1006 629 1098 670 sine
1116 629 1415 672 controversia
1440 627 1486 671 ἐν
1501 628 1728 687 Θείβαςῑθ)

191 704 452 758 scripsisset.
512 701 608 753 Qua
643 702 741 758 ipsa
784 702 837 745 de
881 716 1015 745 causa
1061 703 1194 745 etiam
1239 702 1480 747 Ahrensius
1524 704 1553 746 l.
1595 718 1631 747 c.
1672 704 1727 747 II.

192 777 391 821 Addend.
419 791 520 833 pag.
554 780 652 820 547.
683 781 809 821 recte
831 777 997 830 tradito
1034 773 1183 836 Θήβας
1206 792 1263 824 ΒΧ
1295 781 1401 822 noto
1428 778 1648 822 Aeolismo
1683 780 1730 821 in

190 849 358 911 Θήβαις
394 852 437 910 (e
466 849 650 910 Θήβανς,
681 852 734 895 cf.
765 852 947 897 Ahrens.
977 854 1006 896 1.
1036 867 1071 896 c.
1100 853 1134 895 Ι.
1164 855 1199 910 ξ.
1228 856 1294 907 10,
1324 853 1385 911 4.)
1413 856 1729 915 mutata-cum

187 928 465 972 Blomfieldio
494 927 755 972 Lesbiacum
782 932 959 984 poetam
986 929 1117 972 huius
1150 943 1303 972 versus
1336 932 1561 972 auctorem
1596 942 1729 985 agno-

189 1018 310 1048 scere
337 1004 518 1048 mavult.

307 1080 394 1122 Sed
421 1080 541 1134 quod
568 1081 616 1122 in
646 1080 870 1123 Boeoticis
897 1081 1068 1135 aliquot
1093 1080 1453 1135 inscriptionibus
1492 1079 1557 1130 εἰς
1583 1079 1726 1123 forma

188 1158 359 1210 exstat,
381 1158 432 1199 ut
453 1170 518 1199 nr.
547 1158 720 1200 1570.a.
737 1155 813 1199 lin.
832 1158 901 1199 42.
931 1153 997 1207 εἷς
1024 1151 1198 1214 στήλην,
1227 1155 1302 1200 lin.
1334 1158 1402 1200 46.
1434 1153 1500 1207 εἰς
1527 1153 1604 1214 τήν
1631 1150 1730 1215 στήό

184 1231 280 1289 ληνς
308 1246 374 1274 nr.
408 1235 517 1275 1585
547 1232 622 1274 lin.
648 1234 686 1273 6.
717 1234 755 1273 8.
790 1229 855 1282 εἰς
880 1230 956 1273 τόν
981 1228 1326 1290 Αὐτοκράτορα,
1347 1232 1423 1274 lin.
1447 1236 1486 1274 7.
1509 1230 1576 1282 εἲς
1595 1229 1725 1273 Μού-

185 1321 285 1361 σας,
314 1308 389 1351 lin.
421 1311 459 1350 9.
490 1305 557 1358 εἷς
584 1305 667 1358 τοῖς
694 1303 910 1362 Μούσας,
939 1307 1159 1363 aliasque,
1200 1306 1283 1351 hoc
1318 1306 1550 1351 titulorum
1590 1307 1728 1350 aetati

184 1382 468 1427 tribuendum
499 1385 579 1426 est.
605 1382 783 1426 Etenim
812 1383 887 1438 qui
914 1382 1173 1438 recentioris
1202 1385 1304 1425 sunt
1324 1383 1507 1436 aetatis,
1536 1396 1621 1438 quo
1642 1382 1728 1438 ipsi

184 1459 252 1501 illi
279 1458 409 1502 modo
438 1458 609 1502 laudati
637 1459 879 1515 pertinent,
916 1459 1027 1501 nihil
1053 1458 1143 1502 fere
1172 1473 1195 1501 e
1220 1458 1434 1514 peculiari
1461 1459 1726 1502 Boeotorum

186 1533 375 1576 dialecto
402 1534 643 1576 retinentes
664 1533 892 1589 vulgarem
914 1534 1211 1577 Graecitatem
1239 1533 1543 1590 praebent‚²⁰)
1573 1534 1723 1588 itaque

186 1609 322 1651 etiam
361 1608 542 1663 vulgare
583 1607 649 1659 εἷς
681 1622 762 1664 pro
807 1609 1057 1663 antiquiore
1093 1608 1395 1664 peculiarique
1437 1608 1646 1651 Boeotico
1681 1606 1727 1650 ἐν

185 1685 231 1728 in
259 1684 404 1728 titulis
431 1681 529 1727 illis'
546 1684 707 1727 mirum
735 1698 829 1728 esse
858 1699 947 1728 non
973 1687 1134 1740 potest.

302 1760 388 1803 Pro
422 1760 642 1803 communi
671 1749 820 1803 autem
849 1757 914 1811 εἰς
943 1760 1062 1817 apud
1085 1751 1353 1804 recentiores
1373 1760 1563 1803 Boeotos
1584 1758 1725 1802 forma

185 1851 359 1892 quoque
389 1834 431 1886 ῖς
457 1837 503 1879 in
530 1851 613 1879 usu
634 1836 768 1880 fuisse
788 1836 983 1891 videtur,
1013 1837 1131 1892 quod
1152 1837 1329 1892 quidem
1350 1836 1600 1892 perspicere
1621 1835 1727 1878 licet

183 1924 205 1954 e
233 1910 368 1955 titulo
396 1925 463 1954 nr.
500 1913 632 1966 1625,
670 1911 717 1954 in
753 1925 841 1967 quo
876 1911 952 1955 lin.
994 1914 1058 1954 18.
1089 1911 1300 1968 scriptum
1326 1909 1462 1955 habes
1491 1908 1534 1961 ἶς
1561 1905 1727 1952 δώδεκα

185 1986 412 2039 σταδίους,
441 1987 516 2028 lin.
550 1989 618 2028 62.
642 1985 685 2037 ἷς
706 1983 943 2045 ἕπόψημα,
966 1987 1040 2029 lin.
1067 1991 1134 2029 78.
1158 1985 1200 2038 ῖς
1219 1986 1469 2046 προεδρίαν.
1499 1986 1551 2028 In
1573 1986 1725 2029 eodem

181 2062 335 2116 titulo,
368 2066 418 2106 ut
445 2076 667 2117 moneam,
704 2063 751 2105 in
778 2062 878 2106 aliis
906 2077 1081 2119 quoque
1109 2062 1289 2106 vocibus
1314 2062 1566 2118 frequenter
1586 2067 1621 2103 ῖ
1643 2074 1724 2117 pro

307 2301 345 2346 ¹⁹)
369 2300 527 2336 Mutatio
552 2300 648 2335 enim
679 2299 807 2335 literae
836 2305 869 2346 ἢ
894 2300 933 2335 in
956 2302 991 2333 ἐἰ·
1015 2299 1210 2335 Boeoticae
1244 2298 1391 2335 dialecti
1423 2302 1479 2334 est
1509 2298 1725 2334 idiotismus,¹

186 2358 257 2395 Sic.
289 2357 479 2403 Aristoph.
518 2357 697 2401 Acharn.,
739 2357 800 2392 ubi
839 2357 997 2393 Boeotus
1033 2357 1210 2403 loquitur,
1250 2356 1364 2392 habes
1396 2366 1449 2392 VS.
1474 2355 1553 2391 862.
1579 2360 1614 2390 et
1645 2357 1724 2392 911.

179 2415 378 2468 Θείβαθεν,
407 2425 461 2451 vs.
493 2415 573 2450 868.
602 2413 758 2466 Θείβαθι
794 2415 892 2458 (vide
922 2415 1082 2452 Brunck.
1114 2414 1171 2452 ad.
1203 2414 1316 2450 Arist.
1350 2413 1510 2450 Acharn.
1543 2423 1596 2450 vs.
1615 2414 1729 2457 867).

294 2474 344 2509 Et
376 2474 414 2508 in
446 2472 628 2508 Boeoticis
661 2472 777 2508 titulis
817 2473 1066 2519 reperiuntur:
1108 2484 1164 2509 nr.
1203 2473 1303 2507 1593.
1341 2471 1406 2507 lin.
1435 2472 1467 2506 4.
1500 2474 1537 2505 et
1568 2471 1632 2506 lin.
1665 2473 1721 2506 10.

177 2532 325 2585 Θειβήω
353 2530 492 2581 (Genit.
526 2542 548 2567 a
575 2529 733 2583 Θειβῆος
759 2542 828 2577 pro
861 2532 1040 2567 communi
1066 2530 1264 2584 Θηβαῖος);
1287 2540 1343 2566 nr.
1376 2529 1477 2568 1583.
1506 2528 1569 2565 lin.
1601 2529 1633 2563 8.
1666 2528 1720 2564 12.

175 2591 230 2626 24.
245 2589 409 2641 Θειβεῖος
434 2598 455 2623 e
490 2588 625 2634 duplici
648 2588 855 2625 Boeotismo
880 2590 926 2625 cf.
950 2590 1112 2627 Boeckh.
1138 2589 1175 2626 C.
1205 2590 1233 2624 I.
1259 2588 1340 2624 Vol.
1373 2588 1400 2623 Ι.
1432 2598 1515 2633 pag.
1552 2588 1643 2630 ⁷²⁰l22
1676 2585 1721 2622 de

177 2647 261 2683 dial.
285 2646 411 2682 Boeot.
437 2645 467 2692 ξ.
495 2648 526 2682 5.
554 2667 596 2672 -

271 2717 316 2758 ²⁰)
340 2716 383 2750 In
416 2715 532 2749 literis
564 2715 721 2750 Boeotos
746 2716 841 2750 circa
872 2716 1012 2761 Olymp.
1040 2717 1234 2751 130—145.
1259 2715 1434 2760 peculiari
1466 2723 1531 2748 sua
1566 2713 1720 2748 dialecto

171 2773 225 2810 uti
250 2772 401 2809 desiisse
425 2771 589 2808 Joannes
614 2772 793 2808 Franzius
818 2772 957 2808 monuit
981 2773 1018 2808 in
1044 2772 1245 2808 Elementis
1278 2770 1531 2817 epigraphices
1556 2769 1718 2805 Graecae

173 2831 348 2877 (Berolini
375 2830 478 2875 1840)
502 2841 585 2876 pag.
614 2831 689 2866 184.
