1963 3126
868 149 1161 192 ...6ss-

365 293 503 337 Plane
530 293 621 337 fere
650 294 941 356 contrarium,
989 308 1058 337 me
1085 294 1263 349 quidem
1299 293 1464 346 iudice,
1509 292 1569 336 de
1602 292 1784 347 tragicis

249 368 532 412 statuendum
559 373 640 412 est.
682 368 809 420 Quod
834 370 996 413 mirum
1023 379 1121 413 esse
1146 383 1234 412 non
1260 372 1419 425 potest,
1446 381 1581 423 quum
1604 367 1670 410 illi
1696 377 1784 410 nou

250 442 369 499 vulgi
395 457 655 495 sermonem,
682 449 733 488 ut
760 445 938 499 comici,
968 444 1260 498 imitarentur,
1288 443 1390 498 sed,
1417 447 1468 486 ut
1493 443 1609 486 inter
1635 451 1785 486 omnes

248 523 444 574 constat,
472 520 546 577 ¹⁰¹)
591 520 767 572 omnino
796 520 974 575 quidem
1009 520 1055 563 in
1091 518 1297 563 diverbiis
1329 519 1512 574 antiqua
1538 517 1784 561 Atticorum

247 594 399 650 lingua
434 598 688 648 uterentur,
731 596 777 638 in
810 595 983 639 melicis
1017 599 1168 638 autem
1206 593 1473 638 carminibus
1513 606 1785 638 communem

247 670 486 726 lyricorum
503 669 746 713 orationem
768 674 1056 723 sectarentur,
1083 673 1130 713 et
1143 669 1335 725 denique
1354 669 1544 712 <mediam
1564 668 1786 724 quandam

245 745 363 788 inter
391 745 514 788 chori
541 749 587 788 et
613 744 908 789 diverbiorum
937 744 1152 788 dialectos
1183 744 1401 788 rationem
1438 748 1703 801 usurparent
1733 744 1784 787 in

244 833 405 875 magna.
431 824 559 876 parte
585 824 940 876 anapaestorum.
995 820 1121 863 Nunc
1157 823 1307 863 autem
1343 830 1478 875 supra
1510 819 1705 863 ‘vidimus
1736 822 1786 862 et

245 893 466 937 veteribus
493 895 656 938 Atticis
683 899 729 938 et
755 889 906 950 lyr-icis
932 895 1076 950 poetis
1112 894 1162 936 τὸ
1192 891 1240 945 ἐς
1266 894 1542 950 potissimum
1568 893 1785 937 familiare

245 968 398 1023 fuisse;
434 968 551 1013 unde
586 983 684 1013 cum
728 969 879 1026 aliqua
916 969 1233 1027 probabilitate
1273 969 1409 1013 etiam
1447 969 1627 1025 tragicis
1666 968 1786 1013 etin

245 1044 453 1088 diverbiis
469 1049 514 1088 et
529 1045 574 1088 in
586 1046 771 1089 canticis
787 1047 894 1089 etin
906 1045 1160 1101 anapaestis
1176 1045 1289 1088 hanc
1306 1044 1490 1088 formam
1506 1044 1784 1088 tribuendam

246 1134 361 1172 esse,
399 1104 606 1174 colligere
645 1120 762 1164 licet.
820 1120 909 1164 Sed
934 1120 1019 1164 hoc
1046 1120 1150 1163 libri
1177 1134 1351 1175 quoque
1378 1119 1641 1163 confir-mant
1664 1122 1787 1166 certe

245 1194 366 1250 apud
403 1194 667 1251 Aeschylum
706 1200 753 1238 et
787 1194 1070 1250 Sophoclem,
1112 1195 1168 1239 de
1200 1194 1360 1252 quibus
1395 1195 1509 1239 hanc
1546 1209 1639 1238 rem
1674 1194 1787 1238 satis

248 1269 525 1326 exploratam
552 1269 707 1314 habeo.
736 1270 804 1313 Ex
831 1271 987 1325 iisdem
1022 1275 1171 1314 tamen
1198 1270 1323 1314 libris
1348 1270 1481 1314 etiam
1508 1270 1785 1327 perspicitur,

243 1344 488 1402 pleniorem
515 1345 703 1390 formam
732 1347 795 1396 εἰς
822 1360 849 1389 a
877 1347 1147 1402 tragicorum
1184 1361 1268 1390 usu
1301 1360 1388 1389 non
1425 1346 1616 1389 alienam
1652 1345 1786 1389 fuisse

244 1420 376 1476 idque
403 1434 491 1464 non
518 1421 661 1464 solum
698 1427 801 1465 ante
845 1422 1018 1465 vocales
1056 1436 1110 1465 ex
1146 1422 1279 1465 metri
1315 1422 1602 1475 necessitate,
1637 1434 1787 1465 verum

246 1497 381 1541 etiam
407 1496 483 1540 ubi
510 1485 590 1552 per
616 1501 804 1541 metrum
835 1501 1026 1554 utraque
1053 1498 1195 1560 forma
1226 1501 1273 1542 et
1306 1495 1372 1549 εἰς
1405 1501 1451 1541 et
1476 1494 1525 1548 ἐς
1557 1497 1680 1541 licita
1707 1499 1787 1550 est,

246 1575 298 1614 ut
324 1575 428 1614 ante
458 1576 749 1616 consonantes
777 1577 822 1615 et
849 1576 953 1616 ante
980 1573 1154 1616 vocales
1181 1574 1228 1615 in
1254 1572 1497 1628 imparibus
1515 1573 1788 1615 senariorum

249 1645 428 1689 sedibus
455 1647 500 1689 in
530 1647 658 1690 thesi.
689 1648 816 1700 Quod
843 1662 898 1691 ne
926 1652 1092 1692 temere
1120 1648 1282 1692 dixisse
1310 1648 1473 1701 videar,
1499 1646 1786 1702 eerschylo

249 1720 439 1779 quidem,
456 1722 726 1777 tragicorum
741 1723 868 1779 quasi
882 1723 1096 1780 principe,
1112 1736 1262 1767 omues
1278 1721 1588 1779 locos,-quibus
1602 1731 1788 1779 praepoe

249 1797 352 1840 sitio
381 1798 588 1852 occurrit,
616 1797 688 1841 hic
715 1802 818 1842 ante
845 1799 997 1843 oculos
1024 1812 1197 1856 ponam.

364 1872 499 1916 Metri
535 1874 672 1929 igitur
714 1888 854 1918 causa
891 1880 994 1919 ante
1042 1876 1215 1919 vocales
1256 1875 1375 1931 apud
1412 1874 1674 1931 Aeschylum
1719 1871 1785 1924 εἷς

243 1948 430 2004 legitur,
466 1949 504 1991 si
544 1953 664 1993 recte
699 1951 951 2005 numeravi,
988 1951 1035 1994 in
1056 1951 1247 1995 >senariis
1273 1950 1541 1994 undevicies:
1589 1949 1782 2006 Supplic.

242 2037 281 2067 v.
316 2026 415 2067 847.
431 2023 504 2083 ¹⁰²)
554 2024 698 2069 Prom.
735 2025 879 2070 Vinct.
916 2041 954 2070 v.
991 2029 1029 2070 2.
1077 2029 1175 2071 238.
1225 2029 1323 2070 363.
1364 2028 1461 2069 390.
1503 2028 1628 2069 1032.
1662 2025 1781 2068 PerS.

242 2113 280 2140 v.
322 2102 415 2141 182.
453 2103 551 2142 321.
588 2101 706 2157 Sept.
744 2117 781 2143 v.
819 2103 917 2145 238.
959 2106 1082 2144 1034.
1133 2104 1288 2158 Αςειπι.
1321 2106 1420 2145 488.
1457 2101 1648 2157 Ghoeph.
1686 2103 1783 2162 296-

243 2177 341 2217 666.
371 2177 468 2218 698.
499 2176 625 2219 Eum.
656 2192 694 2219 v.
724 2181 822 2220 477.
853 2181 950 2220 755.
982 2184 1027 2221 et
1054 2177 1209 2234 fragm.
1244 2179 1339 2231 176,
1367 2179 1406 2220 2.
1434 2176 1487 2221 fr.
1517 2180 1626 2231 210,
1651 2180 1702 2220 ·1.
1730 2174 1782 2220 fr.

242 2252 353 2304 2523
398 2251 532 2296 semel
569 2252 615 2295 in
640 2252 865 2297 trochaico
893 2267 1023 2298 versu
1049 2253 1167 2298 Pers.
1194 2267 1256 2298 vs·
1286 2255 1390 2307 229;
1428 2252 1562 2298 semel
1598 2253 1646 2297 in
1677 2249 1783 2305 arsi,

367 2508 425 2548 ¹⁰¹)
454 2507 498 2543 cf.
523 2512 670 2555 praeter
699 2508 789 2544 alios
823 2507 1021 2546 Hermann.
1052 2504 1308 2553 Observation.
1343 2507 1390 2544 de
1414 2507 1542 2545 Graec.
1572 2508 1660 2554 ling.
1695 2506 1782 2545 dial.

243 2559 375 2610 Opusc.
400 2563 426 2599 I.
453 2574 537 2611 pag.
566 2567 633 2601 134
670 2569 706 2600 et
731 2565 886 2601 eundem
918 2566 957 2602 in
989 2566 1151 2603 Praefat.
1181 2565 1238 2602 ad.
1262 2566 1391 2612 Eurip.
1422 2565 1543 2601 Bacch
1584 2577 1670 2613 pag.
1700 2565 1781 2604 Vn.

357 2622 480 2668 Atque
495 2621 702 2659 Brunckius
726 2622 782 2659 ad.
801 2624 988 2671 Aristoph.
1004 2624 1090 2660 Plut
1127 2636 1162 2661 v.
1188 2624 1284 2660 166.:
1309 2624 1446 2668 „Vetus
1466 2624 1590 2660 Attica
1606 2623 1783 2660 disiectus

238 2682 294 2714 est
318 2688 372 2723 ea,
398 2689 470 2725 qua
494 2683 646 2714 utuntur
662 2680 854 2726 Tragiciff
870 2680 1049 2718 conferas
1075 2681 1234 2728 denique
1259 2682 1367 2718 etiam
1386 2681 1567 2718 Koenium
1589 2680 1647 2718 ad.
1666 2681 1780 2727 Greg.

239 2734 320 2772 Cor.
344 2746 429 2783 pag.
458 2735 537 2771 153.
561 2740 635 2772 not.
661 2736 717 2773 21.
744 2737 799 2773 ed.
825 2736 1010 2775 Schaefer.
1034 2759 1081 2766 -

359 2803 418 2850 ¹⁰²)
437 2803 848 2843 GodofiediHermanni
868 2818 1038 2846 numeros
1056 2819 1190 2855 sequor
1201 2809 1328 2857 (editio
1343 2810 1460 2847 altera
1483 2810 1645 2848 Berolini
1664 2780 1782 2853 1859„

238 2872 347 2908 quam
370 2862 511 2898 curavit
544 2861 597 2901 Μ.
626 2862 779 2912 Haupt.)
1489 2891 1492 2895 ‹
