1963 3126
212 279 289 323 lin.
311 282 351 322 5.
372 279 418 330 ἐς
434 275 488 320 τό
503 277 711 332 ταμεῒσνς
723 274 949 331 vulgarem
968 272 1206 317 dialectum
1225 286 1333 329 prae
1353 286 1400 316 se
1420 273 1586 327 ferunt,
1609 285 1742 328 quam

212 354 428 397 rationem
460 353 507 396 in
534 350 754 402 Boeotieis
787 362 960 405 quoque
991 349 1135 392 titulis
1166 361 1303 405 supra
1323 348 1416 392 iam
1446 348 1738 405 cognovimus.

327 426 449 472 Haec
472 427 608 483 igitur
631 423 768 469 habui
795 424 849 467 de
880 422 1060 467 Aeolica
1077 423 1271 466 dialecto
1292 423 1339 466 in
1358 422 1609 466 universum
1629 436 1741 478 quae

212 502 415 546 dicerem.

768 881 1069 947 Caput
1113 882 1195 932 2.
1248 847 1251 850 -

386 1056 464 1111 IN
502 1053 773 1105 DORIOA
809 1053 1167 1105 DIALECTO
1207 1052 1560 1115 QUOMODO

504 1138 952 1192 PRAEPOSITIO
994 1139 1291 1216 SCRIPTA
1329 1137 1473 1192 snt·

327 1278 469 1322 Huius
496 1292 669 1334 quoque
697 1278 894 1332 dialecti,
920 1281 970 1321 ut
989 1291 1317 1334 praemoneam,
1347 1278 1470 1321 varia
1490 1265 1738 1322 enumerari

209 1358 393 1412 possunt
421 1368 604 1410 genera,
640 1352 716 1397 sed
741 1356 889 1397 tamen
917 1367 970 1396 ea
994 1352 1052 1396 ad
1078 1352 1165 1396 duo
1195 1352 1472 1409 potissimum
1499 1353 1608 1397 haec
1631 1356 1739 1406 sunt

208 1428 469 1485 redigenda,
498 1429 555 1472 ad
584 1429 795 1483 severiuS,
818 1427 936 1484 quod
956 1432 1158 1482 vocatur,
1187 1443 1323 1485 genus
1354 1433 1398 1472 et
1418 1428 1475 1473 ad
1494 1429 1666 1483 mitius;
1682 1429 1736 1485 ²⁹)

211 1518 398 1562 quorum>
423 1504 569 1561 priore
596 1502 834 1546 utebantur
860 1503 1078 1556 Lacones,
1106 1503 1312 1546 Italiotae
1339 1503 1490 1547 Dorici
1510 1504 1644 1560 (inter
1665 1517 1738 1546 eos

210 1579 264 1622 de
290 1578 539 1623 Tarentinis
567 1579 843 1634 potissimum
870 1581 1044 1623 constat
1077 1593 1313 1634 eorumque
1342 1578 1507 1623 colonis
1533 1578 1740 1623 Heracle-

210 1654 403 1712 ensibus)
438 1654 595 1698 deinde
624 1653 853 1699 Cretenses
889 1656 935 1696 et
969 1652 1204 1710 Cyrenaei;
1242 1653 1383 1697 altero
1420 1666 1522 1698 vero
1563 1650 1737 1707 omnes,

208 1732 258 1770 ut
284 1728 478 1783 videtur,
507 1729 688 1783 reliqui,
718 1729 966 1784 quicunque
993 1729 1152 1772 Dorice
1172 1728 1310 1772 locuti
1331 1732 1452 1782 sunt,
1475 1728 1528 1771 cf.
1551 1728 1733 1771 Ahrens.

208 1801 236 1847 l.
268 1816 303 1845 c.
331 1803 389 1846 II.
416 1808 517 1859 pag.
548 1806 571 1846 5
601 1817 664 1859 sq.

324 1877 376 1921 In
411 1877 479 1921 his
515 1878 652 1934 igitur
686 1878 867 1934 singulis
906 1876 1135 1934 generibus
1163 1878 1251 1939 iam
1288 1877 1412 1922 nobis
1440 1877 1737 1934 quaerendum

210 1957 299 2008 est,
327 1967 439 2009 quae
465 1953 523 1996 sit
549 1952 603 1997 de
630 1952 966 2010 praepositionis
994 1951 1060 2003 εἰς
1085 1953 1304 2010 scriptura
1332 1953 1460 1997 ratio.

325 2138 363 2181 A
399 2138 613 2181 severiore
651 2137 814 2181 Doride
849 2141 901 2181 ut
931 2138 1105 2182 initium
1139 2138 1332 2194 capiam,
1367 2139 1605 2183 secundum
1632 2154 1736 2183 ana-

207 2212 370 2268 logiam
397 2214 524 2257 inea
563 2228 616 2256 ex
647 2213 829 2269 antiquo
867 2214 933 2264 ἓνς
964 2212 1252 2271 exspectabas
1292 2211 1342 2272 ἧς
1376 2217 1522 2258 ortum
1560 2228 1667 2258 esse.
1680 2214 1734 2272 ³⁰)

323 2420 371 2466 ²⁹)
394 2420 495 2458 Haeo
518 2419 590 2456 duo
614 2429 750 2465 genera
773 2430 816 2456 eo
839 2421 993 2458 maxime
1015 2422 1112 2457 inter
1142 2432 1183 2458 se
1210 2422 1417 2465 discedunt,
1451 2422 1547 2468 quod
1572 2423 1743 2473 ,severior

204 2476 313 2513 Doris
337 2487 448 2524 saepe
471 2476 670 2514 secundum
692 2481 811 2516 certus
836 2478 1009 2525 quasdam
1039 2479 1161 2526 leges,
1189 2479 1235 2516 de
1260 2479 1390 2526 quibus
1415 2479 1620 2517 Ahrensius
1650 2479 1674 2516 1.
1704 2491 1734 2517 ο.
1752 2472 1754 2474 ’

204 2532 309 2579 11.§
325 2534 373 2571 20
387 2539 425 2572 et
438 2535 471 2582 ξ.
497 2535 543 2571 25
560 2536 739 2582 exposuit,
761 2536 892 2583 longas
907 2537 1051 2573 vocales
1075 2554 1099 2590 η
1126 2541 1164 2574 et
1188 2555 1219 2577 ω
1243 2538 1385 2584 profert
1405 2548 1473 2583 pro
1496 2536 1736 2583 diphthongis

205 2604 238 2628 ει
261 2594 298 2625 et
321 2606 365 2630 ou
390 2593 496 2640 (ut
473 2609 518 2645 ης
542 2602 610 2638 pro
643 2592 714 2640 εἷς,
748 2594 849 2645 λόγω
871 2605 939 2640 pro
964 2595 1114 2646 λόγου),
1148 2605 1239 2641 quas
1262 2595 1384 2631 mitior
1406 2594 1513 2630 Doris
1536 2605 1616 2631 eum
1647 2595 1734 2631 Iade

204 2648 241 2683 et
255 2642 409 2684 Atthide
432 2659 637 2687 communes
660 2649 797 2687 habere
819 2652 921 2689 solet.
945 2651 1000 2689 Cf.
1026 2652 1135 2690 etiam
1150 2652 1322 2690 Muuach.
1348 2652 1735 2699 Grieoh.Vulgarsp1-.

203 2713 286 2753 pag.
312 2706 345 2740 7.

318 2773 364 2821 ⁸⁰)
387 2773 556 2813 Severior
577 2777 675 2814 anim
696 2778 816 2824 Doris,
839 2778 962 2817 ubi*
934 2798 955 2820 ν
986 2782 1073 2817 ante
1104 2788 1260 2827 sequens
1284 2783 1319 2823 ἶ
1345 2778 1498 2816 eiectum
1522 2782 1594 2824 est,
1629 2789 1735 2827 pm·

203 2831 390 2871 cadonum
411 2833 636 2871 vocalem?
657 2836 697 2872 in
720 2840 756 2886 ’ῆ
784 2836 969 2883 producit,
992 2846 1024 2874 e.
1046 2848 1082 2883 g.
1105 2837 1153 2890 ἧς
1180 2839 1245 2889 (ex
1267 2838 1328 2881 ἶνς
1351 2848 1419 2885 ΡΝ
1440 2836 1549 2889 εἷς)
1534 2848 1575 2874 ¹¹²
1596 2836 1746 2875 ¹⁵5⁰&
