1963 3126
229 262 334 308 Oed.
365 263 457 307 Col.
486 278 523 307 v.
556 266 654 308 915.
684 263 963 320 ἐπειςπεσών,
985 263 1143 320 fragm
1172 264 1317 309 Inaoh.
1345 262 1424 307 111.
1449 265 1489 308 2.
1512 261 1631 320 (257.
1648 260 1770 305 Dia--

227 337 358 396 dorf.)
388 335 688 392 {ascendut-su
714 366 772 374 —-
1460 362 1464 365 ·
1709 344 1759 383 J

343 414 448 470 Eur.
477 414 1181 475 ΡΙ10011.ν.200.ἐπειςφέρουσιν
1204 415 1366 460 Alcest.
1395 410 1763 460 ν.1056.-ε’πεις·

227 491 339 548 spotti,
382 489 552 534 Helena
592 506 631 534 v
671 495 794 536 1550.
840 494 926 534 τῶν
967 493 1247 547 ἐπειςβατιῦν,
1291 491 1421 536 Herc.
1465 489 1567 533 Fur.
1609 502 1649 530 v.
1684 489 1766 534 344*

227 564 529 620 ἕπειςπεσων,
553 565 683 611 Rhes.
720 581 756 609 v.
793 570 892 610 448.
927 569 1219 618 ἓπειςπεσεῖν,
1253 567 1393 612 Eleet.
1423 581 1461 610 v.
1491 567 1588 609 498.
1613 561 1765 608 ἔπεις-

224 639 387 696 βαλεῖν,
416 645 461 684 et
488 641 589 684 alia.
690 689 692 691 ,
1749 647 1752 648 ’

344 716 527 772 Praeter
552 717 670 760 vocis
698 720 846 760 autem
875 717 1149 771 suavitatem,
1174 718 1213 761 si
1239 716 1347 772 quid
1374 715 1498 760 video
1526 716 1571 759 in
1591 714 1674 758 hae
1701 727 1762 765 re,

228 794 273 833 et
311 789 572 847 significatio
608 792 947 848 praepositionis
983 792 1102 847 apud
1138 792 1331 847 tragicos
1367 789 1537 847 aliquid
1563 788 1762 835 valuerit.

227 865 299 909 Sic
325 870 444 920 certe
472 865 713 920 observavi,
742 868 796 910 iis
823 868 868 911 in
889 867 1011 919 lociS,
1040 867 1198 923 quibus
1225 867 1495 924 praepositio
1522 863 1764 912 vimhabet

224 944 367 985 minus
402 942 678 986 usitatiorem
714 945 794 984 τοῦ
826 943 1079 996 „adversuS,
1108 942 1395 999 contra“‚²¹⁴)
1425 931 1601 997 ubique{
1627 947 1765 996 quan*-

224 1021 316 1060 tum
342 1017 444 1070 scio,
467 1018 729 1073 scripturam
753 1019 810 1062 ek
837 1033 864 1061 a
884 1017 1009 1062 libris
1030 1019 1205 1062 omnino
1227 1016 1512 1074 suppeditari,
1534 1020 1585 1060 ut
1605 1013 1760 1060 Aeseh.

224 1093 367 1136 Prom.
398 1106 436 1135 v.
468 1095 564 1135 949.
589 1091 666 1135 τόν
692 1092 973 1152 ἐξαμαρτόντ’
1013 1091 1074 1136 εἰς
1115 1093 1277 1141 &eodm
1308 1092 1437 1149 Soph.
1468 1092 1574 1136 Oed.
1605 1091 1696 1135 Col.
1724 1106 1762 1133 v.

224 1170 321 1210 754.
351 1164 536 1210 ὠνείδισ’
570 1166 631 1211 εἰς
664 1169 714 1211 σέ
750 1166 862 1223 κάμὲ
888 1168 962 1212 καὶ
999 1167 1051 1210 τὸ
1079 1171 1169 1211 πᾶν
1194 1167 1332 1224 γένος,·
1359 1166 1460 1210 ibid.
1490 1182 1528 1210 v.
1559 1170 1657 1211 965.
1684 1182 1765 1224 μη·

221 1241 385 1287 νέουσιν
422 1240 484 1292 εἰς
519 1243 647 1299 γένος,
675 1244 781 1287 ibid.
808 1259 846 1287 v,
877 1247 975 1288 976.
1003 1243 1139 1301 μηδὲν
1166 1237 1406 1296 ξυνιείςῶν
1430 1240 1566 1301 ἔδρων
1596 1240 1658 1291 εἰς
1686 1237 1763 1284 οὕς

221 1318 256 1359 z’
288 1314 438 1379 ἔδρων,
467 1319 589 1362 Aiae.
619 1334 659 1362 v.
686 1321 780 1363 128.
801 1317 937 1378 μηδὲν
956 1318 1054 1361 ποτ’
1078 1318 1206 1377 εἴπῃς
1228 1315 1361 1369 αὐτὸς
1382 1316 1448 1370 εἰς
1472 1316 1608 1370 θεοὺς
1634 1314 1765 1369 enos,-

221 1394 374 1450 Eurip.
407 1395 520 1438 Med.
550 1410 589 1438 v·
618 1399 673 1439 83
705 1396 792 1453 (ed.
833 1395 1062 1453 Elmslei),
1090 1391 1201 1453 ἆιάρ
1231 1390 1359 1443 κακός
1386 1390 1487 1449 γἰἷίν
1513 1392 1579 1444 εἷς
1605 1392 1763 1452 φίλους

224 1467 474 1522 ὰλίσκεταιῑ
503 1469 609 1513 ibid.
632 1485 671 1513 v.
694 1474 792 1524 302,
814 1466 912 1521 ὦρτ’
935 1468 999 1520 εἰς
1026 1466 1230 1528 τυράννος
1252 1466 1409 1528 ἄνδρας
1436 1465 1761 1528 ἐξαμαρτάνειν,

221 1544 432 1600 aliasque.

337 1620 600 1664 Huiusmodi
637 1625 785 1665 autem
822 1622 931 1666 loeis
968 1623 1158 1678 tragicos
1195 1622 1435 1678 pleniorem
1475 1620 1662 1666 formam
1697 1618 1767 1669 alc.

222 1695 485 1752 praetulisse
514 1711 565 1740 eo
587 1711 761 1753 quoque
783 1697 1036 1742 confirmari
1057 1697 1243 1751 videtur,
1272 1696 1390 1752 quod
1411 1697 1546 1740 etiam
1570 1698 1761 1740 metrum

219 1770 409 1826 flagitat,
436 1776 488 1813 ut
515 1770 581 1822 εἰς
608 1772 795 1827 legatur,
826 1773 862 1815 si
894 1773 1163 1828 praepositio
1193 1772 1510 1827 significatione
1535 1772 1614 1815 illa
1634 1785 1759 1828 prae-

217 1847 312 1890 dita
347 1852 436 1900 est,
476 1847 613 1890 Veluti
651 1848 800 1891 Aesch.
840 1848 983 1891 Prom.
1025 1851 1148 1890 1090.
1189 1848 1306 1903 Sept.
1344 1862 1382 1889 v.
1423 1849 1521 1890 238.
1559 1862 1597 1889 v.
1631 1849 1755 1890 1034.

217 1923 371 1978 Agam.
401 1936 439 1964 v.
469 1923 582 1976 371„
611 1922 685 1966 ubi
715 1923 1065 1979 coniungendam
1103 1937 1195 1967 esse
1240 1925 1413 1966 constat
1439 1917 1491 1964 οὐ
1524 1921 1611 1981 γάρ
1639 1919 1763 1966 ἐστιν.

218 1995 404 2052 ἔπαλξις
431 1994 625 2042 πλούτου
653 1997 716 2047 εἰς
744 1996 958 2058 ἀφάνειαν
988 1999 1148 2057 (tutela
1174 2002 1330 2042 contra
1355 1997 1617 2057 interitum),
1647 1997 1751 2042 ibid.

219 2090 256 2117 v,
286 2077 385 2118 488.
416 2090 454 2117 v.
487 2077 636 2128 1432.;
674 2075 804 2131 Soph.
834 2075 945 2119 Phil.
975 2090 1012 2118 V.
1043 2078 1140 2118 522.
1169 2090 1206 2118 v,
1241 2077 1364 2118 1309.
1417 2073 1557 2119 Elect.
1586 2089 1625 2117 v.
1654 2077 1752 2119 454.

218 2149 324 2194 Oed·
355 2150 445 2194 Col.
476 2165 513 2192 v.
547 2153 667 2204 968.;
697 2150 803 2194 Eur.
836 2150 951 2194 Med.
983 2166 1022 2193 v.
1052 2154 1121 2194 81.
1152 2150 1345 2208 (Elmsl.)

333 2224 454 2278 Quae
482 2239 617 2280 quum
645 2226 710 2269 ita
736 2226 839 2280 sint,
866 2227 913 2269 in
936 2226 1142 2282 Aeschyli
1164 2211 1342 2282 Septem
1369 2240 1404 2270 c.
1435 2225 1567 2270 Theb.
1595 2241 1634 2268 v.
1658 2228 1755 2269 609.

212 2300 361 2356 potius
398 2301 658 2344 coniecerim
695 2301 972 2359 ἐκτρέποντες
998 2300 1062 2349 εἰς
1088 2304 1167 2357 γᾶς
1194 2297 1454 2355 ἐπιμόλους,
1490 2315 1623 2358 quam
1656 2315 1753 2344 eum

214 2375 394 2420 Godofr.
421 2375 675 2420 Hermanno
703 2378 747 2427 ἐς
772 2379 853 2433 γᾶς
880 2379 962 2431 im,
984 2376 1103 2433 quod
1129 2377 1273 2434 ipsum
1300 2377 1363 2428 εἷς
1391 2377 1438 2421 in
1459 2376 1655 2421 Medioeo
1683 2390 1752 2420 co-

212 2451 308 2495 dice
345 2450 403 2494 ad
430 2449 672 2505 ἐπιμόλους
700 2467 727 2496 a
755 2454 997 2498 recentiore
1034 2467 1166 2497 manu
1204 2467 1339 2509 supra,
1365 2451 1637 2509 adscriptum
1666 2456 1758 2506 θεῖς

335 2714 530 2760 ··*)’Νεπιο
556 2716 690 2760 nescim
720 2717 762 2755 τὸ
788 2717 839 2760 εἰς
868 2714 1079 2762 significans
1096 2717 1266 2760 „contra“
1283 2714 1328 2750 ab
1345 2714 1495 2751 Homeri
1512 2726 1579 2752 usu
1596 2715 1768 2753 alienum‘

209 2782 290 2808 esse
322 2782 442 2819 neque
474 2774 622 2810 omnino
654 2774 925 2822 frequentatum
958 2776 1056 2822 apud
1081 2774 1241 2819 Atticos,
1275 2773 1336 2820 qui
1360 2773 1420 2813 ἐπὶ
1447 2775 1506 2811 vel
1531 2776 1623 2829 πρὸς
1647 2786 1751 2824 prae-

206 2830 385 2872 ferebant.
