1963 3126
812 131 1104 170 -24-

303 272 370 316 Ex
396 271 466 316 his
494 275 644 316 autem
665 271 964 328 unusquisque
986 270 1115 316 facile
1134 271 1374 329 intelliget,
1396 270 1604 317 Boeckhii
1623 286 1721 317 sen-

188 348 375 392 tentiam
401 348 533 392 modo
561 348 789 392 laudatam
817 346 928 390 nihil
954 347 1113 391 valere.

303 646 369 690 De
401 646 610 690 Boeotica
649 660 750 690 vero
784 646 977 690 dialecto
1012 659 1147 702 quum
1185 647 1293 691 satis
1329 647 1577 704 disputasse
1616 647 1724 691 mihi

185 721 337 764 videar
350 754 360 774 ‚
388 721 477 764 iam
504 720 563 764 ad
585 721 769 764 tertium
788 721 994 775 denique,
1017 721 1136 775 quod
1157 721 1354 765 Thessali
1375 721 1590 775 efficiunt,
1612 722 1722 765 Aeo-

184 795 296 840 licae
324 795 502 839 dialecti
530 809 666 851 genus
695 794 972 841 accedamus.

303 871 370 914 De
398 871 652 914 Thessalica
679 872 856 927 quidem
885 874 1074 929 dialecto
1095 874 1141 917 in
1161 873 1411 916 universum
1430 875 1613 930 propter
1631 886 1723 916 mo-

184 949 496 990 numentorum
510 945 729 1002 inopiam,
747 947 909 1004 quippe
926 962 1061 1004 quum
1077 961 1219 1003 neque
1235 947 1352 990 ullus
1368 947 1568 1004 scriptor,
1587 946 1723 1004 quan'-

184 1024 279 1064 tum
307 1021 487 1074 scimus,
517 1034 569 1064 ea
588 1035 694 1064 usus
716 1022 794 1075 sit,
821 1036 963 1078 neque
984 1022 1261 1078 grammatici
1281 1022 1366 1065 nisi
1385 1022 1608 1065 rarissime
1630 1021 1722 1065 eius

184 1096 454 1140 mentionem
479 1094 689 1150 fecerint,
718 1110 859 1153 neque
888 1097 1022 1141 etiam
1047 1096 1214 1140 multae
1242 1096 1418 1153 genuini
1438 1096 1720 1140 Thessalismi
1799 1154 1803 1158 .

184 1170 496 1227 inscriptiones
526 1173 721 1225 exstent,
750 1185 975 1229 perpauca
994 1174 1168 1216 tantum
1190 1172 1366 1228 cognita
1385 1171 1620 1224 habemus;
1644 1170 1722 1215 sed

183 1246 241 1294 ad
270 1249 469 1293 nostram
495 1259 589 1289 rem
618 1245 737 1301 quod
764 1247 944 1305 attinet,
973 1261 997 1290 e
1023 1247 1202 1304 paucis,
1224 1261 1337 1302 quae
1357 1247 1404 1290 in
1424 1247 1596 1303 aliquot
1616 1247 1722 1289 titu-

182 1322 238 1366 lis
269 1322 570 1378 reperiuntur,
600 1321 813 1378 exemplis
840 1322 930 1365 iam
960 1322 1068 1365 satis
1099 1325 1306 1379 apparet,
1346 1317 1566 1383 Thessalis
1598 1334 1724 1377 prae-

181 1398 445 1455 positionem
482 1395 528 1441 ἐν
564 1411 662 1440 cum
700 1398 950 1442 accusativo
988 1398 1184 1441 iunctam
1220 1412 1302 1455 pro
1330 1399 1393 1448 εἷς
1419 1411 1518 1441 cum
1544 1397 1723 1442 Boeotis

184 1486 460 1518 communem
487 1471 636 1515 fuisse.
1221 1524 1224 1527 .
1323 1476 1327 1480 ’

303 1547 357 1591 In
383 1547 526 1591 titulis
556 1547 672 1591 enim
693 1547 943 1591 Thessalice
965 1548 1187 1604 conceptis
1208 1547 1328 1604 apud
1348 1547 1610 1592 Ahrensium
1634 1547 1660 1591 1.
1684 1562 1721 1591 c.

184 1622 240 1666 ΙΙ.
265 1621 377 1668 Add.
399 1636 498 1680 pag.
523 1624 607 1666 528
630 1636 724 1679 sqq.
746 1622 939 1684 invenies
960 1622 1064 1667 Nro.
1093 1626 1128 1665 1.
1150 1622 1226 1667 lin.
1253 1626 1305 1666 10
1327 1620 1373 1666 ἐν
1390 1621 1533 1677 κίονα,
1554 1622 1628 1666 lin.
1656 1625 1721 1668 11.

184 1697 230 1741 ἐν
258 1696 310 1741 τὸ
336 1695 677 1751 ’Λσκλαπιεῖον;
705 1701 749 1740 et
778 1697 854 1740 Nr.
884 1701 924 1740 2.
952 1698 1029 1740 lin.
1059 1701 1128 1740 24.
1158 1697 1204 1741 ἐν
1232 1697 1365 1741 κίονα.

301 1772 407 1827 Sed,
437 1776 488 1816 ut
515 1786 736 1826 moneam,
777 1772 813 1815 si
842 1772 940 1832 quis
967 1771 1082 1815 forte
1110 1772 1244 1816 etiam
1270 1772 1424 1816 titulos
1451 1771 1551 1817 illos
1580 1772 1724 1815 Thau-

182 1862 409 1893 macenses
435 1847 482 1891 in
509 1847 720 1892 Boeckhii
749 1846 942 1903 Corpore
969 1846 1172 1903 Inscript.
1209 1862 1274 1891 nr.
1308 1850 1451 1901 1771.‚
1477 1861 1543 1890 nr.
1577 1850 1627 1889 17
1632 1849 1722 1901 72.,

184 1939 250 1968 nr.
272 1926 397 1967 1773.
412 1923 498 1966 huc
513 1907 697 1976 referat,
714 1923 761 1965 in
783 1921 940 1978 quibus
961 1923 1068 1966 item
1089 1922 1230 1966 forma
1249 1923 1328 1967 illa
1348 1920 1394 1967 ἐν
1407 1936 1720 1979 nonnunquam

182 2000 397 2054 occurrit,
427 1998 557 2052 sciat,
588 2012 661 2042 eos
687 1986 774 2041 huc
799 2012 888 2041 non
915 1998 1153 2054 pertinere,
1175 1998 1338 2055 quippe
1359 2012 1447 2042 non
1468 1997 1720 2043 Thessalica

182 2075 392 2128 dialecto,
422 2074 500 2118 sed
527 2074 715 2117 Doricae
742 2074 910 2130 potiuS,
947 2074 1017 2116 cui
1044 2074 1155 2117 illud
1182 2073 1229 2118 ἐν
1256 2088 1355 2118 cum
1382 2074 1561 2118 Boeotis
1588 2073 1723 2117 Thes-

182 2150 374 2206 salisque
387 2184 397 2204 ,
425 2152 476 2193 ut
502 2148 618 2193 infra
643 2148 896 2192 docebimus
909 2183 919 2203 ‚
950 2162 1176 2193 commune
1197 2152 1316 2203 erat,
1345 2148 1536 2208 quodam
1561 2163 1719 2207 genere

136 2261 140 2266 .
185 2229 395 2277 utuntur,
423 2224 470 2268 id
498 2224 616 2280 quod
641 2224 883 2267 Ahrensius
914 2223 944 2267 l.
974 2238 1010 2266 c.
1039 2224 1072 2267 I.
1102 2226 1138 2281 ξ.
1169 2227 1237 2268 54.
1269 2224 1528 2269 observavit.
1557 2251 1617 2258 —
1651 2224 1723 2269 In-

183 2300 442 2359 scriptiones
467 2314 569 2345 vero
592 2299 894 2355 Thessalicae,
925 2313 1037 2356 quae
1065 2313 1153 2344 non
1185 2301 1226 2343 ἐν
1255 2300 1333 2344 sed
1359 2302 1423 2351 εἰς
1441 2299 1510 2354 vel
1530 2298 1578 2351 ἐς
1596 2313 1722 2357 prae-

180 2376 308 2431 bent,
336 2380 387 2420 ut
411 2391 477 2419 nr.
512 2379 635 2418 1770.
664 2376 739 2418 lin.
772 2380 811 2418 4.
852 2373 918 2426 εἰς
943 2375 1082 2430 ὑμᾶς,
1118 2376 1193 2419 lin.
1233 2379 1272 2419 9.
1312 2374 1379 2427 εἷς
1409 2374 1461 2419 τὸ
1490 2370 1721 2435 δημόσιοὶς

183 2459 250 2496 nr.
272 2451 397 2496 1776.
414 2452 490 2496 lin.
513 2455 553 2496 5.
575 2449 642 2503 εἰς
661 2448 794 2510 αὐτήν
815 2452 978 2509 (Lucas
998 2454 1062 2498 12:
1077 2451 1273 2511 traditp.
1289 2450 1428 2510 Em),
1450 2455 1495 2498 et
1509 2466 1575 2496 nr.
1596 2440 1720 2496 1786.

180 2716 232 2753 Μ.
258 2716 430 2753 Schmidt.
454 2716 478 2752 1.
503 2727 533 2752 c.
558 2727 641 2762 pag.
666 2717 746 2752 367.
771 2719 807 2751 et
831 2715 988 2752 Ahrens.
1013 2714 1059 2751 de
1083 2714 1168 2753 dial.
1199 2716 1227 2751 Ι.
1256 2725 1340 2762 pag.
1365 2715 1476 2761 232),
1500 2715 1587 2754 inde
1611 2715 1719 2755 facil·

181 2774 389 2821 collegeris,
422 2775 531 2812 etiam
560 2774 870 2821 praepositionem
911 2773 949 2817 ἐς
980 2782 1049 2819 pro
1081 2773 1124 2813 ἐκ
1147 2773 1292 2820 utrique
1316 2772 1472 2812 dialecto
1495 2783 1720 2812 communem

182 2831 305 2869 fuisse.
323 2852 366 2859 —
383 2831 439 2869 De
455 2831 573 2869 forma
589 2835 711 2868 autem
735 2831 845 2884 ἕρπεις
860 2839 928 2877 pro
952 2831 1077 2883 ἕρπεις
1092 2831 1188 2870 conf.
1205 2831 1370 2869 Schmidt
1382 2833 1413 2870 ⁷1.
1431 2843 1460 2870 c.
1475 2831 1561 2880 pag.
1578 2833 1659 2870 866.
1670 2851 1719 2862 -ο
