1963 3126
837 171 1102 213 -4-

197 311 339 355 sativo
368 312 588 368 junctum.
624 312 721 356 Hoc
758 313 875 356 enim
913 309 978 367 ἐν,
1014 312 1134 368 quod
1160 326 1315 357 caveas
1342 327 1398 357 ne
1426 327 1525 358 cum
1552 317 1739 369 cognata

196 387 525 444 praepositione
545 385 610 443 ἐν,
632 388 705 432 cui
725 391 910 445 propter
931 388 1158 446 propriam
1187 388 1349 444 quietis
1376 388 1737 445 significationem

196 476 369 519 semper
389 463 647 520 adjungitur
667 464 865 519 dativus,
883 464 1145 519 confundas,
1166 464 1282 508 unde
1303 463 1434 508 aliter
1454 468 1654 509 exortum
1668 465 1739 521 ‚iu-

197 538 317 582 dices
337 540 447 594 nisi,
475 555 500 590 ς
525 541 573 583 in
598 539 685 584 fine
713 539 885 596 abjecto
898 575 908 595 ,
945 555 999 584 ex
1026 541 1207 597 antiquo
1235 538 1323 595 ἐνς,
1354 541 1388 599 ²)
1422 554 1535 596 quae
1562 540 1738 596 quidem

195 613 468 669 praepositio
498 628 597 658 cum
631 614 831 659 omnibus
862 629 915 659 ex
942 629 996 659 ea
1025 617 1144 660 natis
1173 616 1316 660 solum
1347 616 1645 659 accusativum
1674 629 1739 659 se-

197 692 402 741 quentem
430 689 590 733 reddit.
621 690 731 734 Cum
759 688 826 741 εἷς
851 694 1002 734 autem
1030 694 1076 734 et
1102 689 1149 734 ἐν
1183 690 1242 749 (c.
1264 690 1374 749 acc.)
1409 690 1560 734 formis
1589 704 1642 734 ex
1669 688 1739 740 ἐνς

196 762 307 807 bene
336 769 650 821 comparentur
671 766 779 822 μεὶς
806 770 850 811 et
873 763 965 825 μήν
989 766 1108 825 (μέν)
1132 779 1161 811 e
1184 767 1303 821 μένς.

315 839 402 883 Sed
431 840 620 897 denique
648 843 781 886 etiam
812 842 981 885 diserta
1009 842 1397 898 grammaticorum
1425 840 1587 885 adsunt
1613 843 1739 885 testi-

195 914 345 957 monia
358 949 368 969 ,
392 929 445 958 ex
466 915 628 972 quibus
647 917 934 973 perspicitur,
957 916 1014 960 ab
1035 917 1210 973 Argivis
1231 920 1276 960 et
1297 915 1578 960 Cretensibus
1596 917 1738 973 ipsam

195 988 382 1032 formam
410 988 481 1040 ἐνς
508 1005 531 1034 e
559 1006 732 1035 summa
759 993 1027 1047 antiquitate
1054 996 1275 1036 servatam
1302 1006 1409 1035 esse.
1446 992 1519 1035 Sic
1545 991 1738 1035 Pseudo-

196 1063 437 1108 Herodian.
474 1067 520 1110 in
548 1067 652 1110 Aldi
686 1067 841 1111 Hortis
868 1066 1081 1111 Adonidis
1108 1080 1208 1123 pag.
1237 1069 1336 1110 409.
1378 1065 1482 1123 (vid.
1514 1066 1651 1110 Koen.
1679 1065 1737 1109 ad

199 1137 381 1194 Gregor.
413 1140 511 1197 Cor.
540 1155 640 1197 pag.
671 1145 769 1185 355.
797 1146 888 1185 not.
922 1145 987 1184 10.
1011 1142 1077 1185 ed.
1101 1142 1368 1198 Schaeser.):
1560 1140 1634 1183 καὶ
1662 1138 1740 1197 τήν

195 1213 276 1267 μὲν
306 1212 373 1266 εἷς
402 1213 623 1275 πρόθεσιν
651 1215 722 1268 ἐνς
750 1216 924 1273 λέγουσι
962 1216 1075 1276 (scil.
1104 1213 1305 1276 Ἀργεῖοι
1333 1216 1406 1260 καὶ
1435 1215 1629 1275 Κρῆτες)
1665 1214 1739 1258 καὶ

195 1289 248 1332 τό
277 1291 423 1342 τιθείς
451 1294 612 1343 τιθένς.
640 1293 711 1336 Ita
741 1293 856 1336 enim
883 1293 1116 1348 legendum
1144 1296 1212 1336 est
1237 1306 1261 1335 e
1282 1292 1375 1337 MS.
1397 1292 1602 1336 Leidensi
1621 1292 1739 1348 apud

195 1366 333 1409 Koen.
362 1367 391 1410 1.
422 1382 458 1410 c.
494 1383 576 1423 pro
613 1368 791 1424 vulgato
827 1384 874 1412 εν
900 1372 946 1412 et
971 1368 1106 1412 τιθέν.
1134 1395 1194 1401 -—
1228 1367 1396 1411 Eadem
1423 1382 1477 1412 ex
1500 1366 1738 1412 Heraclide

194 1441 366 1484 monuit
400 1441 661 1486 Eustathius
694 1443 752 1486 ad
784 1441 913 1486 Hom.
951 1442 1089 1486 Ι1.Θ
1129 1444 1234 1496 722,
1271 1445 1345 1485 60:
1555 1443 1604 1485 οἳ
1626 1442 1737 1500 (scil.

190 1512 396 1574 Αργεῖοι
417 1517 491 1561 καὶ
512 1519 706 1576 Κρῆτες)
746 1514 957 1569 πολλακις
978 1516 1273 1577 ἐξαιροῦντές,
1304 1515 1518 1576 φησι,τὸ
1537 1521 1573 1561 ἶ
1592 1514 1739 1561 ἐντάτ-

195 1606 323 1635 τουσι
351 1591 402 1636 τὸ
439 1609 480 1645 ν,
511 1592 588 1652 τῆν
617 1592 684 1645 εἰς
703 1588 962 1652 πρόθεσιν’
941 1609 1012 1645 svs
1030 1593 1225 1650 λέγοντες
1253 1593 1327 1636 καὶ
1346 1592 1398 1636 τὰ
1417 1592 1562 1644 τιθεὶς
1579 1592 1738 1643 τιθένς.

199 1669 299 1712 Huc
327 1670 461 1712 etiam
486 1669 654 1713 referas
681 1669 891 1725 Hesychii
914 1670 1110 1725 glossam
1144 1670 1268 1714 illam
1305 1667 1455 1729 ἔνσας·
1472 1664 1656 1728 αὔριον·
1688 1668 1738 1712 in

199 1758 288 1800 qua
314 1744 471 1801 procul
498 1744 632 1788 dubio
659 1743 711 1786 τό
741 1742 812 1795 ἐνς
838 1744 970 1799 latet,
1006 1745 1072 1788 ita
1099 1747 1150 1788 ut
1186 1744 1399 1788 traditum
1435 1741 1563 1796 ε”νσας
1602 1742 1738 1787 corri-

200 1820 394 1876 gendum
423 1821 481 1864 sit
512 1821 558 1864 in
587 1819 657 1871 ἐνς
687 1815 742 1871 ἇς
755 1821 790 1878 ⁸)
820 1822 850 1865 i.
882 1835 918 1864 e.
948 1819 1014 1872 εἷς
1041 1816 1153 1875 ἀάς;
1186 1823 1497 1878 comparentur
1532 1817 1741 1876 Hesychii

316 2013 347 2056 ²)
373 2011 419 2048 cf.
443 2011 602 2048 Ahrens.
626 2010 650 2048 l.
677 2022 706 2048 c.
730 2011 767 2047 II
790 2011 822 2059 ξ.
850 2013 910 2056 14,
935 2013 968 2049 4.
997 2032 1037 2038 -
1064 2011 1138 2048 Sed
1161 2022 1236 2048 non
1260 2012 1374 2058 probo
1397 2009 1650 2055 manniacum,
1676 2009 1738 2055 qui

197 2070 328 2106 Graec.
360 2069 519 2106 Gramm.
550 2081 586 2115 p.
614 2070 715 2106 1339.
748 2069 781 2116 §.
806 2072 888 2106 577.
910 2070 1219 2115 praepositionem
1242 2070 1341 2105 illam
1365 2070 1402 2109 ἐν
1426 2080 1458 2106 c.
1482 2068 1557 2105 dat.
1580 2068 1738 2103 item-ex

196 2129 256 2171 ἐνς
273 2132 388 2165 ortam
406 2137 487 2164 esse
504 2128 719 2174 suspicatur,
741 2127 884 2165 dicens:
908 2126 969 2172 ,,ἐν
983 2127 1050 2165 mit
1065 2130 1120 2164 bet
1136 2127 1448 2175 &mathesuntem
1464 2127 1510 2174 in,
1528 2124 1739 2172 mahtfdyein-

195 2185 255 2231 lid)
279 2185 505 2231 uriptssnglid)
520 2186 594 2233 ὲνς,
619 2190 758 2222 moruus
782 2187 858 2231 aud)
883 2186 935 2228 εἰς
960 2186 1148 2230 en‘tftanben
1171 2195 1210 2231 ³¹1
1233 2184 1301 2229 {ein
1324 2185 1438 2231 {cijeint
1461 2188 1494 2229 ξ.
1518 2184 1598 2221 39.“
1628 2182 1738 2219 Nam-
1781 2217 1783 2219 ,

198 2253 279 2290 que,
304 2246 345 2279 ut
370 2243 493 2279 statim
517 2242 668 2290 patebit,
693 2243 841 2279 omnino
864 2242 942 2279 vice
966 2253 1073 2279 versa
1096 2243 1140 2282 τὸ
1170 2243 1229 2287 ἐνς
1256 2253 1303 2279 ex
1325 2243 1389 2279 illo
1415 2242 1522 2288 ἐν,(ο.
1547 2241 1636 2284 dat.)
1665 2242 1736 2277 for-

195 2306 332 2337 matum
364 2312 444 2336 esse
475 2301 639 2347 videtum
671 2301 713 2340 τὸ
739 2301 778 2340 ἐν
803 2309 890 2337 vero
914 2300 1014 2337 haud
1047 2300 1157 2337 dubie
1189 2300 1237 2337 ad
1268 2300 1556 2347 pronominalem
1587 2299 1737 2345 stirpem

197 2359 410 2396 sanseritam
435 2359 508 2395 ana
530 2358 775 2395 revocandum
800 2362 867 2402 est,
891 2358 975 2395 vide
998 2358 1179 2406 Boppium
1203 2359 1354 2405 „Ver-gl,
1377 2358 1559 2394 Gramm.“
1582 2356 1628 2394 11.
1653 2365 1736 2401 pag.

198 2419 276 2456 187.
294 2422 330 2453 et
345 2418 411 2455 ῙΠ.
427 2428 512 2464 pag.
528 2417 610 2454 495.
635 2416 799 2464 Curtium
829 2416 1075 2464 „Grundzuge
1099 2417 1136 2455 d.
1158 2416 1303 2455 Griech.
1325 2414 1579 2464 Etymologie“
1598 2414 1628 2451 1.
1651 2423 1736 2462 pag.

194 2477 276 2513 273.
301 2486 356 2522 sq.
382 2497 427 2502 -

314 2535 345 2578 8)
368 2534 427 2576 ἐνς
462 2532 506 2577 ἇς
540 2542 608 2579 pro
639 2532 772 2569 codicis
797 2534 978 2580 scriptura
1010 2533 1119 2577 ἔνσας
1162 2532 1331 2580 probavit
1370 2541 1413 2569 ac
1441 2529 1581 2577 recepit
1618 2529 1736 2566 Mam.

194 2592 360 2630 Schmidt
382 2592 421 2628 in
445 2591 621 2639 Hesychii
646 2591 733 2628 edit.
759 2591 892 2636 (Jenae
919 2592 1037 2636 1860.)
1060 2591 1142 2627 Vol.
1167 2590 1215 2629 11.
1238 2600 1267 2628 s.
1292 2602 1327 2628 v.
1361 2589 1560 2627 adnotans:
1601 2587 1737 2637 ,,ἔνσας

194 2651 272 2688 cod.
298 2651 465 2687 Glossam
483 2649 663 2686 Creticam
679 2650 838 2686 correxit
854 2649 1013 2685 Ahrens.
1027 2647 1124 2685 Dial.
1140 2648 1189 2685 11.
1205 2659 1289 2695 pag.
1307 2649 1387 2685 385.
1401 2649 1483 2694 sq.⁴‘
1506 2646 1579 2683 Sed
1598 2649 1735 2691 tumen,

194 2713 234 2744 ut
259 2708 377 2745 obiter
400 2717 579 2753 moneam,
604 2707 813 2743 Ahrensius
837 2706 862 2743 Ι.
886 2718 918 2743 c.
937 2706 1060 2742 minus
1075 2709 1174 2742 recte
1200 2706 1259 2749 ἐνς
1284 2705 1340 2754 ἅς,
1369 2704 1556 2751 ὀξυτόνως
1581 2703 1735 2750 scripse-

193 2767 242 2802 rit
274 2777 341 2813 pro
367 2767 426 2811 ἐνς
452 2766 497 2810 ἇς
524 2766 842 2820 περισπωμένως,
870 2765 1005 2812 quippe
1035 2764 1133 2811 quod
1158 2773 1203 2800 ex
1228 2762 1297 2807 ἄὰς
1323 2766 1453 2800 ortum.
1500 2762 1583 2798 Vox
1613 2762 1758 2798 autem'

195 2824 257 2872 ἅα,
288 2825 384 2870 quod
407 2825 550 2870 addam,
576 2824 669 2867 ἄΓα
699 2834 782 2861 esse
813 2824 959 2860 videtur
990 2834 1058 2870 pro
1088 2823 1188 2875 ἠώς,
1229 2830 1417 2868 compares
1450 2820 1550 2868 apud
1579 2819 1735 2857 Lesbios

195 2880 280 2931 αὔα,
309 2881 415 2932 αὔαν,
442 2882 526 2919 vide
550 2882 822 2919 Ahrensiuml.
846 2893 877 2918 c.
901 2882 930 2919 Ι.
954 2893 1039 2929 pag,
1065 2882 1144 2918 121.
1169 2884 1207 2916 et
1229 2880 1365 2917 ibidem
1388 2889 1473 2926 pag.
1492 2880 1577 2916 206.
1602 2897 1647 2905 —-
