1963 3126
824 126 1115 173 ...23—

207 274 802 336 ιῑῦν·ἐσσ”Αρχιπτολέμου.
835 301 895 307 --
927 273 1037 317 Ibid.
1065 274 1098 317 Ι.
1133 276 1227 316 160.
1260 277 1325 316 19.
1360 271 1409 326 ἐξ
1441 273 1564 331 παρά
1597 276 1736 316 Βοιω-

206 357 300 405 τοῖς
323 353 491 410 λέγεται
518 354 581 406 ἐς,
610 346 846 410 συμφώνου
872 349 1212 409 ἐπιφερομένου·
1240 347 1314 391 &civ
1334 347 1383 391 δὲ
1403 345 1645 407 καθαρεύῃ,
1675 350 1737 399 εἰς

208 426 286 472 δύο
312 435 384 472 ’σ-σ.
406 424 652 485 ’Έσσαρχος
685 422 897 479 ποταμός.
935 425 1042 467 Inde
1070 425 1206 479 igitur
1233 424 1344 467 illud
1372 412 1537 479 «ἐζ-γόνος
1565 438 1644 478 pro
1673 420 1738 466 ἔκ-

206 519 326 560 γονος
353 505 463 548 satis
491 493 658 545 certum
686 504 772 554 est3
806 499 853 543 id
888 499 1006 555 quod
1042 500 1177 542 etiam
1211 497 1470 541 confirmant
1500 498 1738 541 Ahrensius

207 580 236 624 l.
267 594 302 623 c.
331 580 365 622 Ι.
393 592 493 635 pag.
523 579 631 631 214,
663 576 863 620 Osannus
893 575 996 631 Syll.
1025 574 1227 630 Inscript.
1259 587 1357 630 pag.
1393 576 1474 616 184
1505 577 1595 616 not.
1627 577 1665 626 7,
1680 573 1733 631 ²⁷)

210 660 253 699 et
277 653 463 698 Lobeck.
492 651 719 709 Patholog.
747 652 780 695 Ι.
809 665 909 708 pag.
940 653 1037 693 610.
1053 649 1107 708 ²⁸)
1120 647 1129 689 s

328 863 371 909 ²⁷)
396 862 469 899 Sed
487 872 596 907 quum
609 859 783 895 'Osannus
807 858 830 893 l.
847 868 875 894 c.
890 861 1014 894 notam
1031 857 1256 904 ascripserit:
1283 858 1474 905 „Suppetit
1490 863 1611 894 tamen
1636 857 1738 901 nihil,

210 920 305 967 quod
322 920 405 955 huic
423 919 559 955 formae
576 908 666 964 (scil.
685 915 831 967 ἔςγονος
855 927 892 961 p.
919 913 1014 966 3175)
1031 925 1228 961 sanequam
1244 916 1429 953 inauditae
1453 917 1677 961 comparem“
1694 934 1738 941 —

208 978 376 1025 equidem
394 978 514 1013 facere
530 987 605 1011 non
620 984 778 1021 possum,
804 974 891 1020 quin
908 973 1075 1020 exempla
1091 974 1258 1021 analoga,
1284 986 1435 1020 quorum
1451 974 1590 1020 aliquot
1605 973 1738 1019 reperi,

208 1036 268 1072 hic
301 1044 581 1071 commemorem.
641 1032 700 1081 Sic
733 1032 772 1068 in
802 1032 1037 1078 inscriptione
1071 1032 1267 1078 Tegeatica
1291 1053 1335 1059 ——
1360 1043 1391 1069 a.
1424 1033 1525 1069 1859.
1547 1035 1589 1068 ut
1623 1031 1740 1067 obiter

209 1104 391 1138 moneam,
422 1094 571 1129 inventa
602 1095 640 1127 et
669 1090 716 1126 ad
739 1090 952 1127 Arcadicam
984 1089 1177 1126 dialectum
1206 1090 1459 1127 illustrandam
1480 1089 1672 1126 utilissima
1694 1109 1739 1115 —

211 1163 317 1199 quam
340 1155 487 1200 praeter
511 1151 600 1187 alios
631 1149 755 1185 Adolf.
786 1148 977 1185 Michaelis
1006 1148 1157 1193 „Jahn’s
1180 1149 1432 1186 Jahrbucher“
1479 1148 1605 1194 Leipz.
1638 1147 1739 1183 1861.

205 1209 271 1246 Bd.
290 1211 347 1245 83.
378 1220 462 1255 pag.
488 1209 568 1244 586.
603 1219 658 1254 sq.
693 1207 824 1251 edidit,
856 1207 919 1242 lin.
951 1207 983 1242 6.
1018 1206 1191 1243 traditum
1224 1211 1342 1243 exstat
1367 1207 1562 1259 ἐςδοτῆρες
1596 1218 1633 1252 p.
1659 1206 1734 1245 ἐκδ.

207 1268 269 1303 lin.
288 1269 321 1303 7.
339 1266 567 1309 ἐςδοθὲντων
620 1265 684 1301 lin.
703 1266 758 1300 15.
776 1265 908 1299 iterum
932 1264 1140 1315 ἐςδοτῆρες,
1168 1264 1265 1309 quod
1282 1264 1390 1299 etiam
1412 1265 1590 1309 repetitur
1605 1264 1668 1298 lin.
1683 1263 1739 1297 18.

207 1327 245 1359 et
264 1323 327 1360 lin.
346 1325 419 1369 50.;
442 1317 583 1358 lin.'16.
607 1324 687 1365 ταῖς
716 1321 902 1364 ἐςδόσεσι·
937 1321 1000 1357 lin.
1014 1321 1072 1358 42.
1096 1325 1163 1364 τᾶς
1191 1321 1346 1364 ἐςδοκαῦ
1380 1321 1403 1357 i.
1436 1330 1467 1356 e.
1493 1321 1667 1375 ἐκδοχῆς,
1694 1319 1740 1355 Cf·

206 1383 399 1419 Michaelis
429 1382 454 1419 l.
479 1392 508 1417 0.
539 1392 622 1427 pag.
647 1381 744 1426 592.;
768 1380 833 1418 lin.
857 1382 912 1417 51.
938 1379 1172 1423 ἑςδέλλοντες
1205 1378 1228 1414 i.
1259 1388 1289 1414 e.
1315 1379 1557 1430 ἐκβάλλοντες
1585 1378 1734 1429 (δέλλω,

210 1439 348 1487 ζέλλω,
391 1439 539 1491 βάλλω,
579 1441 620 1473 ut
652 1437 849 1490 δέρεθρον,
892 1437 1088 1489 ζὲρεθρον,
1126 1437 1314 1489 βάραθρον
1350 1437 1395 1472 cf.
1429 1436 1620 1473 Michaelis
1652 1436 1677 1472 1.
1709 1446 1739 1471 c.

209 1497 420 1543 pag.59l.);
444 1496 507 1534 lin.
534 1497 589 1531 53.
613 1497 693 1538 ταῖς
718 1495 883 1538 ἐςδοκαῗς
898 1494 921 1531 i.
939 1495 1159 1548 &gntBQXQIk
1173 1507 1180 1514 ·
1209 1494 1273 1531 lin.
1296 1496 1353 1531 54.
1378 1495 1513 1547 ἐςᾷοθῆ
1529 1496 1741 1541 'praeterea

207 1555 271 1590 lin.
286 1556 341 1590 56.
365 1555 478 1590 habes
503 1554 590 1596 ἐπές
623 1554 646 1589 i.
662 1548 703 1589 b·
728 1553 818 1592 ἐπέκ
845 1552 903 1599 (cf.
927 1553 1064 1605 παρέκ,
1100 1552 1224 1601 ὑπέχ),
1257 1559 1294 1589 et
1317 1554 1382 1590 lin.
1407 1555 1463 1590 51.
1491 1554 1530 1596 ἐς
1555 1556 1618 1593 τοῖ’
1640 1552 1739 1605 ἔργοι

207 1611 228 1646 i.
254 1621 285 1647 e.
310 1610 353 1651 ἐχ
379 1613 435 1663 τῷ
465 1611 563 1664 ἔργῳ
593 1610 655 1655 (cf.
679 1609 871 1646 Michaelis
894 1610 918 1645 1.
933 1621 961 1646 c.
986 1621 1071 1657 pag.
1088 1612 1194 1656 593.),
1214 1621 1284 1658 quo
1305 1611 1343 1647 in
1366 1611 1447 1647 loco
1463 1610 1574 1647 etiam
1601 1611 1639 1653 ἐς
1668 1610 1741 1658 (ἐκ)

208 1679 290 1705 cum
313 1668 435 1704 dativo
459 1669 689 1704 coniunctum
712 1668 751 1703 in
776 1678 841 1703 suo
865 1677 1011 1713 genere·
1024 1668 1209 1714 singulare
1226 1669 1425 1705 notandum
1444 1673 1510 1705 est.
1531 1689 1576 1695 —
1592 1668 1743 1704 Praeter

208 1725 371 1762 Arcades
395 1730 515 1761 autem
540 1729 577 1761 et
599 1724 765 1770 Boeotos,
788 1736 836 1761 ne
859 1726 1156 1772 praetermittam,
1181 1726 1352 1763 Thessali
1370 1736 1512 1773 quoque
1538 1727 1576 1770 ἐς
1608 1736 1676 1772 pro
1701 1725 1742 1764 ἐκ

208 1786 345 1822 dixisse
373 1785 559 1829 videntur,
592 1784 688 1830 quod
720 1784 865 1829 quidem
897 1784 1074 1820 coniicere
1105 1784 1193 1835 licet
1221 1795 1241 1820 e
1272 1786 1469 1831 composito
1498 1785 1561 1821 illo
1595 1784 1741 1836 ἔςγονος

209 1845 291 1891 (pro
317 1841 480 1895 ἔκγονος)
516 1842 554 1877 in
587 1840 820 1877 Thessalicae
852 1840 997 1877 dialecti
1029 1841 1134 1877 titulo
1167 1841 1322 1888 quodam
1353 1853 1411 1889 ap.
1444 1836 1666 1878 Ahrensium
1698 1841 1744 1877 de

206 1901 291 1938 dial.
316 1902 362 1936 II.
386 1900 480 1936 Add.
505 1911 587 1946 pag.
614 1899 693 1935 529.
717 1899 805 1934 Nro.
829 1899 862 1934 2.
886 1898 948 1951 lin.
983 1901 1058 1945 18.;
1089 1900 1132 1936 cf.
1166 1901 1320 1936 eundem
1351 1902 1375 1937 1:
1409 1912 1437 1936 c.
1469 1912 1553 1947 pag.
1586 1902 1666 1936 535.
1699 1919 1742 1926 —-

210 1960 399 1995 Postremo
431 1958 490 1993 hic
521 1957 715 1993 adiecerim
745 1954 920 2004 Hesychii
952 1957 1093 2003 glossas
1124 1958 1223 1995 illas:
1263 1958 1495 2010 ἐσποθερπές
1529 1958 1606 2003 (sic.
1640 1957 1743 2002 Cod.)

206 2017 323 2056 πόθεν
359 2017 472 2068 ἥκεις·
510 2016 659 2067 Πάφιοι.
696 2020 732 2050 et
757 2015 980 2065 ἐσπομένου·
1004 2017 1275 2064 ἀποσποῦντος,
1302 2017 1540 2070 ἁρπάζοντος·
1557 2017 1594 2052 in
1614 2016 1761 2063 quibus·

206 2079 305 2116 haud
344 2079 453 2115 dubie
481 2078 705 2125 praepositio
731 2078 769 2120 ἐς
792 2090 827 2124 p.
854 2079 895 2117 ἐκ
927 2078 1032 2124 latet,
1070 2080 1121 2116 ita
1158 2080 1321 2126 quidem,
1360 2083 1401 2115 ut
1432 2080 1660 2132 ἐςποθερπές
1696 2078 1744 2115 sit

208 2138 337 2178 ἔσποθ’
364 2138 475 2190 ἕρπες
492 2157 535 2163 —
553 2136 689 2180 ἔςποθε
710 2136 736 2172 i.
766 2146 796 2171 e.
823 2134 973 2183 ἔκποθε,
1001 2139 1137 2187 ποθέν,
1166 2142 1203 2174 et
1226 2139 1335 2191 ἕρπες
1358 2148 1425 2184 pro
1449 2138 1592 2190 ἕρπεις,
1622 2146 1743 2183 quem-

209 2194 402 2232 admodum
428 2195 532 2248 λέγες
559 2206 594 2241 p.
620 2194 738 2246 λέγεις
770 2193 901 2241 similia
925 2194 971 2230 cf.
996 2194 1216 2232 Ahrensium
1239 2197 1264 2233 l.
1288 2207 1316 2231 c.
1341 2197 1386 2231 II.
1408 2206 1491 2241 pag.
1517 2196 1594 2231 175.
1619 2205 1673 2241 sq.
1699 2214 1743 2221 —

207 2265 274 2302 pro
305 2254 421 2291 altera
451 2257 571 2291 autem
602 2253 724 2300 glossa
754 2253 805 2296 M.
831 2253 1052 2291 Schmidtius
1085 2254 1124 2290 in
1158 2254 1332 2302 Hesychii
1365 2253 1449 2291 edit.
1497 2253 1522 2290 J
1524 2263 1615 2290 enae
1654 2253 1745 2290 1860

208 2323 235 2349 s.
261 2324 295 2348 v.
318 2315 416 2348 recte
441 2312 594 2348 coniecit
619 2305 883 2364 ἐσσπώμένου·
913 2313 1174 2356 ἀποςπῶντος·
1199 2324 1266 2359 pro
1291 2314 1397 2353 ἐκσπ.

326 2381 370 2428 ²⁸)
402 2370 541 2417 Ibidem
572 2373 778 2418 Lobeckius
811 2381 986 2429 Hesychii
1024 2381 1182 2428 glossam
1219 2382 1318 2419 illam
1349 2382 1586 2436 ἐςποθερπές·
1623 2381 1739 2421 πόθεν

208 2439 312 2491 ἥκεις
326 2443 597 2481 'commemorat
620 2448 772 2485 eamque
801 2449 875 2475 non
900 2439 1050 2485 Paphiis
1080 2440 1224 2484 tribuit,
1257 2440 1321 2475 sed
1345 2440 1552 2491 Boeoticam
1577 2449 1658 2475 esse
1683 2450 1741 2475 su÷

210 2496 397 2542 spicatur.v
420 2495 525 2541 Quod
549 2496 581 2532 si
604 2495 728 2533 verum
753 2500 820 2542 est,
844 2496 935 2533 iuud
960 2496 1192 2550 ἐσποθερπές
1219 2497 1471 2544 corrigendum
1496 2507 1574 2533 esse
1599 2494 1743 2532 videtur

209 2553 248 2588 in
279 2552 402 2596 ἔςποθ’
438 2554 562 2606 ἕρπις,
599 2558 640 2590 ut
670 2554 769 2606 λε’-μς
795 2565 862 2601 pro
888 2555 1006 2606 λέγεις
1033 2554 1079 2590 cf.
1105 2554 1251 2590 Ahrens
1275 2556 1299 2590 1.
1331 2567 1360 2592 c.
1391 2557 1419 2592 I.
1444 2556 1476 2603 ξ
1501 2558 1562 2600 40,
1588 2558 1621 2592 3.
1670 2554 1742 2591 Sed

209 2612 331 2646 tamen
355 2611 521 2657 equidem
545 2611 720 2659 Hesychii
742 2611 833 2648 illud
858 2611 997 2666 Πάφιοι
1021 2622 1094 2648 non
1110 2614 1375 2649 attentaverim.
1407 2613 1501 2649 Nam
1527 2624 1635 2659 quum
1660 2623 1743 2648 con·
1810 2619 1813 2621 ·

211 2669 283 2702 stet
305 2666 494 2714 Cypricam
518 2669 710 2706 dialectum
742 2680 823 2706 cum
847 2669 1025 2707 Arcadica
1049 2679 1272 2706 communem
1301 2670 1473 2706 habuisse
1503 2680 1609 2706 usum
1639 2680 1743 2716 prae-

210 2723 401 2769 positionis
427 2725 457 2764 ἰν
483 2737 551 2772 pro
575 2727 613 2766 ἐν
638 2730 675 2762 et
699 2727 761 2773 εἰς,
782 2727 879 2773 (vide
895 2728 946 2764 M.
964 2727 1137 2764 Schmidt.
1163 2728 1327 2772 „Kuhn’s
1350 2727 1580 2763 Zeitschrift“
1596 2728 1665 2764 Bd.
1681 2728 1743 2764 IX.

211 2790 296 2826 pag.
321 2782 399 2817 369.
433 2786 470 2818 et
499 2784 568 2820 Ad.
600 2785 809 2829 Michaelis,
842 2784 993 2829 „Jahn’s
1017 2785 1290 2822 Jahrbuecher⁴⁶
1316 2785 1430 2831 Leipz
1468 2786 1568 2835 1861.
1598 2786 1664 2822 Bd.
1688 2788 1745 2823 83.

212 2848 296 2884 pag.
329 2839 442 2886 596.)‚
469 2845 660 2887 praeterea
685 2844 751 2883 τοῦ
781 2842 898 2889 sigma
925 2842 1160 2879 mutationem
1192 2843 1230 2879 in
1262 2843 1427 2889 spiritum
1460 2853 1628 2890 asperum
1658 2844 1742 2889 (vid.
