1963 3126
863 111 1157 151 —20—

356 249 432 293 lin.
476 236 541 292 1¹5.
578 246 794 307 ῖςηλύσια,
829 250 883 294 de
912 264 1001 306 qua
1027 264 1130 296 voce
1166 249 1410 296 Boeokhius
1447 249 1475 292 1.
1514 262 1549 292 c.
1587 247 1683 293 Vol.
1711 247 1769 291 11.

351 337 458 383 pag.
474 327 610 387 *723⁸
656 328 725 380 „et
751 323 983 369 manifesto
1017 322 1230 383 ἰς-ηλύσια
1261 324 1370 370 nihil
1403 323 1525 368 aliud
1559 326 1647 377 est,
1686 323 1771 366 nisi

358 394 623 457 „ec'cryl-ziocoe,
663 414 717 443 ex
743 394 893 458 ἤλυσις
921 399 1176 455 formatum,
1216 403 1266 443 ut
1285 415 1351 443 nr.
1375 401 1500 443 3728.
1525 398 1619 457 (lin.
1643 398 1702 457 5.)
1723 399 1770 441 in

359 474 622 531 „Smyrnaeo
668 475 800 518 titulo
851 479 918 519 est
971 470 1194 533 εἶςήλυσις.
1237 477 1302 517 ΙΣ
1338 489 1419 531 pro
1460 476 1521 524 εἰς
1559 474 1769 530 Smyrnae

357 564 445 602 „nr.
490 552 617 592 3357.
659 552 812 593 3400.“
844 576 903 582 —
928 564 994 593 nr.
1033 553 1159 593 3357.
1197 550 1272 592 lin.
1302 554 1342 593 9.
1378 550 1539 606 legitur
1574 550 1611 598 ῗς
1642 547 1695 590 τὸ
1728 550 1770 591 ἐν

351 619 528 681 Σμύρνῃ
563 619 763 682 ἀρχεῖον,
796 623 855 668 ad
893 638 1022 681 quem
1056 624 1201 668 locum
1236 623 1482 684 Beeckhius
1511 623 1628 682 (pag.
1663 622 1768 681 781)

351 696 627 741 observavit:
662 701 750 752 „12
774 699 834 755 (p.
857 700 935 755 εἷς)
965 699 1126 743 diserte
1155 699 1427 744 Chandlerus
1453 699 1587 754 idque
1615 698 1770 742 confir-

354 774 527 827 „matur
562 773 751 830 exempli
790 773 822 817 C
862 774 1169 826 annotatione,
1218 773 1294 818 sed
1336 772 1625 817 Prideauxius
1660 773 1767 815 ΕΙΣ.

352 850 440 902 „12
461 863 506 905 p.
535 850 596 898 εἰς
621 848 742 893 haud
767 855 920 893 rarum
944 853 1036 904 est,
1074 853 1124 893 ut
1156 850 1203 893 in
1232 849 1456 906 epitaphio
1485 864 1552 893 nr.
1583 851 1697 892 3400
1723 851 1769 891 et

351 938 440 978 „nr.
465 926 617 967 3173.“
650 923 702 967 In
723 924 952 981 epitaphio
966 928 1115 969 autem
1141 939 1207 968 nr.
1235 927 1364 970 3400.
1389 924 1465 968 lin.
1488 927 1528 968 9.
1553 926 1590 974 ῖς
1614 922 1666 967 τὸ
1693 920 1769 982 ἆρ-

346 1001 465 1052 χεῖον
484 1002 641 1043 exstat.
662 1026 723 1032 —
742 999 824 1043 His
845 999 1007 1044 addam
1022 1015 1088 1044 nr.
1114 1002 1242 1045 3265.
1263 1000 1339 1044 lin.
1370 1004 1408 1043 7.
1435 1001 1473 1049 ῖς
1497 998 1574 1042 τὸν
1600 998 1767 1058 φίσκον,

345 1073 451 1116 ibid.
469 1074 544 1116 lin.
571 1078 610 1117 8.
640 1060 678 1124 ῑς
704 1074 781 1132 τήν
807 1071 949 1118 πόλιν.
971 1101 1032 1107 -
1052 1090 1118 1118 nr.
1151 1078 1278 1118 3312.
1305 1076 1381 1118 lin.
1407 1078 1447 1118 8.
1478 1077 1516 1124 ῖς
1542 1070 1687 1117 αὐτόν.
1710 1100 1769 1106 -

346 1164 412 1193 nr.
432 1149 614 1194 3516.b.
633 1151 803 1207 (script.
834 1152 952 1195 circa
976 1166 1015 1195 a.
1049 1153 1143 1194 120.
1171 1165 1214 1208 p.
1244 1150 1365 1209 Chr.)
1393 1151 1469 1195 lin.
1500 1153 1539 1194 3.
1569 1149 1699 1208 ἐτέθη
1728 1151 1766 1199 ῖς

341 1224 393 1268 τό
420 1222 609 1285 ἀρχεῖον.
638 1225 883 1270 Boeckhius
913 1226 972 1271 ad
997 1227 1039 1270 h.
1068 1227 1097 1270 l.
1126 1227 1245 1285 (pag.
1263 1226 1391 1285 843):
1427 1225 1765 1282 „Peyssonelius,

343 1301 620 1344 Akerbladus
679 1303 755 1342 TE
760 1302 860 1343 ΘΗ
863 1304 934 1343 ΕΙ
936 1305 975 1344 Σ
983 1302 1285 1344 ΤΟΛΡΧΕΙ
1289 1336 1299 1355 ,
1354 1302 1642 1357 spanhemius
1698 1302 1773 1341 TE

342 1376 797 1431 ΟΙΗΣΤΟΛΡΧΕΙ,
839 1377 1071 1422 Prokesch.
1114 1376 1603 1429 TEOHIEYOAPXE,
1652 1376 1768 1420 unde

342 1451 628 1495 confirmatur
659 1452 867 1496 Sherardi
895 1455 991 1496 ΙΣ.“
1018 1480 1078 1486 -
1097 1467 1164 1497 nr.
1188 1456 1365 1496 3516.c.
1391 1452 1467 1495 lin.
1496 1456 1536 1494 8.
1565 1454 1603 1501 ῖς
1630 1454 1765 1509 σοροῦ

342 1527 554 1572 ἐπίθεσιν.

646 1678 1090 1723 INSCRIPTIONES
1117 1678 1315 1722 MYSIAE
1335 1693 1345 1721 ε

226 1769 291 1797 nr.
316 1756 443 1799 3583.
465 1742 541 1797 lin.
560 1757 599 1797 3.
629 1756 666 1804 ἲς
691 1753 768 1797 τὸν
794 1753 974 1812 φίσκονς
1001 1768 1088 1810 quo
1109 1754 1156 1798 in
1181 1754 1298 1808 loco,
1320 1756 1525 1797 monente
1546 1752 1765 1797 Boeckhio

345 1829 463 1887 (pag.
493 1829 613 1887 875.)
628 1864 638 1883 ,
680 1830 951 1873 Muratorius
993 1831 1056 1870 ΙΣ
1093 1829 1233 1872 tradit
1265 1843 1353 1872 non
1386 1830 1493 1871 ΕΙΣ.
1538 1828 1762 1871 Vinoison.

341 1903 454 1964 false
484 1904 584 1945 ΕΙΣ
606 1918 687 1960 pro
716 1906 787 1948 ΙΣ.
809 1931 867 1936 -
887 1920 953 1948 nr.
978 1908 1104 1948 3588.
1124 1919 1159 1948 ο.
1185 1904 1315 1963 (Add.
1337 1904 1396 1948 ad
1410 1904 1505 1947 Vol.
1527 1903 1604 1961 11.)
1626 1903 1701 1946 lin.
1725 1905 1764 1945 3.

341 1978 378 2028 ἲς
403 1978 457 2021 τὰ
485 1976 617 2038 ἱερὸν.

582 2124 1027 2170 INSCRIPTIONES
1057 2125 1371 2170 SARMATIAE
1388 2139 1398 2167 z

222 2213 288 2242 nr.
317 2201 445 2242 2114.
457 2198 529 2241 bb.
569 2198 701 2257 (Add.
731 2199 788 2242 ad
820 2200 904 2243 vol.
932 2214 1032 2258 pag.
1067 2202 1190 2244 1095.
1220 2200 1370 2256 script.
1399 2213 1439 2245 a.
1468 2201 1537 2243 81.
1566 2213 1608 2256 p.
1638 2198 1760 2256 Chr.)

337 2273 413 2318 lin.
447 2273 500 2318 13
529 2275 566 2324 ῖς
592 2250 951 2336 τὴιφπροςευχῆν.

608 2419 1052 2465 INSCRIPTIONES
1078 2419 1382 2465 PHRYGIAE:

219 2509 286 2539 nr.
310 2496 439 2540 3863.
468 2494 585 2553 (Vol.
613 2495 714 2553 ΠΙ.)
743 2496 818 2540 lin.
849 2499 889 2542 5.
918 2495 1139 2547 ἓπιςοίσει.
1168 2523 1227 2529 -
1253 2510 1319 2540 nr.
1346 2497 1473 2541 3902.
1501 2495 1531 2539 l.
1558 2495 1635 2538 lin.
1669 2497 1759 2550 12.,

336 2586 403 2616 nr.
428 2574 555 2615 3902.
584 2585 642 2615 m.
670 2571 746 2615 lin.
772 2576 863 2627 11.‚
891 2588 957 2616 nr.
988 2576 1115 2617 3902.
1132 2587 1173 2629 q.
1205 2573 1280 2616 lin.
1304 2575 1343 2616 9.
1366 2573 1404 2621 ἰς
1422 2570 1498 2615 τὸν
1517 2570 1683 2630 φίσκον.
1702 2598 1761 2606 -

598 2728 1042 2773 INSCRIPTIONES
1077 2710 1377 2773 GALATIAE:

218 2819 283 2848 nr.
314 2805 442 2849 4142.
471 2803 546 2848 lin.
581 2807 646 2847 12.
676 2802 720 2856 ἰς
738 2803 815 2848 τὸν
839 2801 990 2850 τόπον.
