1963 3126
856 146 1121 184 —2—

216 285 317 328 dem
337 289 388 328 ut
408 286 555 329 omnia
574 285 685 328 bene
708 285 932 341 probeque
954 289 1275 341 cognoscantur
1288 320 1297 338 ,
1320 299 1408 328 non
1425 284 1606 338 sufficit,
1625 286 1760 341 scrip-

214 363 334 403 tores
361 363 536 403 tantum
563 360 647 403 hac
675 360 729 403 de
756 374 805 402 re
826 360 1098 416 explorasse,
1122 374 1272 403 verum
1293 360 1627 415 inscriptionum
1649 374 1756 416 quo-

216 449 300 491 que
330 449 440 491 opus
469 439 536 479 est
574 435 851 491 diligentiore
892 436 1256 491 investigatione,
1295 439 1340 478 et
1370 436 1758 490 grammaticorum

216 524 504 567 quaecunque
532 514 709 554 exstant
737 510 1009 565 testimonia,
1051 514 1095 554 et
1123 510 1310 567 denique
1335 511 1382 554 in
1407 511 1658 554 universum
1685 511 1759 554 de-

216 587 439 630 sideratur
467 586 757 630 dialectorum
786 587 989 642 cognitio.
1017 587 1140 630 Haec
1167 590 1338 640 autem,
1373 590 1588 641 quantum
1614 586 1666 631 in-
1688 600 1758 630 me

216 664 312 704 erat
341 664 385 704 et
413 674 483 703 res
511 660 739 716 postulare
760 660 1014 715 videbatur,
1044 661 1191 704 omnia
1213 661 1464 704 examinare
1484 675 1537 708 ac
1557 675 1759 717 perscru-

213 737 303 779 tari
332 735 495 778 studui.
537 735 623 779 Sed
650 730 870 794 quomodo
889 733 1169 793 ‚provinciam
1196 731 1449 795 *susceptam
1477 735 1758 779 administra-

213 810 352 853 verim
379 813 423 853 et
450 824 557 852 num
578 810 755 853 omnino
776 810 823 852 in
850 810 933 853 hac
960 824 1008 853 re
1034 809 1141 865 quid
1167 809 1448 865 profecerim,
1477 809 1665 853 liberum
1686 810 1757 865 ju·
1799 868 1803 872 .

214 885 379 928 dicium
400 884 580 927 cuilibet
606 885 876 940 relinquam:
905 885 1060 941 peritis
1086 888 1234 928 tamen
1262 888 1308 927 et
1334 885 1485 939 aequis
1513 885 1757 929 alienorum

214 959 417 1003 laborum
445 958 804 1003 aestimatoribus
830 959 945 1003 hanc
971 973 1114 1004 meam
1139 958 1440 1016 quaestionem
1466 959 1586 1004 haud
1612 960 1759 1016 ingra-

194 1038 309 1078 .tam
337 1035 431 1078 fore
453 1033 637 1077 confido.

333 1110 755 1153 Commentationem
792 1110 930 1166 igitur
967 1110 1013 1153 in
1049 1109 1159 1154 duas
1193 1113 1344 1166 partes
1383 1109 1670 1165 distribuam,
1711 1110 1758 1153 in

213 1199 400 1240 quarum
436 1185 584 1240 priore
622 1184 676 1227 de
716 1181 1025 1241 antiquissima
1064 1189 1111 1228 et
1132 1185 1376 1241 *primitiva
1416 1185 1757 1242 praepositionis

212 1261 355 1303 forma
380 1275 525 1316 pauca
561 1260 796 1314 disseram,
829 1261 876 1303 in
904 1261 1047 1304 altera
1074 1274 1176 1303 vero
1206 1274 1439 1315 quaeram,
1475 1262 1760 1315 quaecunque

214 1335 365 1379 variae
394 1334 560 1380 formae
590 1350 644 1379 ex
670 1335 750 1379 illa
778 1339 910 1380 natae
939 1335 1028 1379 sint
1054 1339 1100 1379 et
1126 1335 1173 1378 in
1199 1335 1253 1379 iis
1281 1334 1542 1381 adhibendis
1569 1334 1761 1391 singula-

210 1425 310 1453 rum
339 1411 538 1454 Graecae
564 1411 742 1466 linguae
771 1410 1060 1454 dialectornm
1088 1423 1202 1465 quae
1230 1409 1364 1453 fuerit
1388 1396 1518 1453 ratio.
1573 1420 1577 1421 ⁷
