1963 3126
840 150 1132 191 -28—

211 292 280 336 ed.
302 292 463 336 Reitzii
484 288 863 349 (flagae-Comitis
888 294 1041 351 1738),
1058 293 1112 352 ³⁶)
1133 297 1260 350 patet
1287 292 1335 346 ἐς
1354 294 1578 339 Laconum
1598 292 1745 338 fuisse.

210 367 264 411 In
290 381 341 412 eo
369 367 486 411 enim
511 367 720 424 leguntur
746 365 869 409 ἒττὰν
887 366 1103 427 ἁμετέραν
1122 366 1271 424 πόλιν,
1300 367 1418 412 {nov
1437 366 1601 426 ἀγῶνα,
1622 366 1749 414 ἐπὰν

209 439 431 501 Σπάρταν,
446 442 501 500 ⁸⁶)
530 442 558 485 i.
586 455 622 485 e.
652 440 697 491 ἐς
722 440 814 494 τᾶν,
843 440 891 491 ἐς
915 441 1003 494 τὸν,
1033 443 1400 498 quemadmodum
1417 444 1571 500 βεττὸν
1582 446 1637 503 ⁸⁷)
1666 460 1748 503 pro

206 516 364 571 βεστὸν
399 518 490 561 sive
517 515 669 570 ἑστὸν;
708 530 898 573 namque
931 517 1156 562 Laconum
1193 521 1291 562 erat
1321 519 1570 576 proprietas
1595 535 1646 563 ττ
1659 535 1748 578 -po-

209 591 342 635 nendi
367 606 448 648 pro
476 603 549 646 στ,
577 605 666 647 qua
694 590 748 635 de
775 605 825 635 re
852 590 1053 635 conferas
1080 591 1345 636 Ahrensium
1371 594 1401 637 1.
1434 583 1470 637 c.
1499 594 1555 638 Π.
1579 608 1622 651 p.
1649 598 1744 639 103.

327 666 413 709 Sed
440 666 558 722 quod
587 667 634 708 in
663 667 896 709 Laconicis
923 666 1096 720 aliquot
1122 667 1264 709 titulis
1292 680 1381 710 non
1412 669 1478 720 ἐς,
1506 683 1657 712 verum
1684 671 1747 719 εἰς

212 741 455 798 reperitur,
483 743 534 784 ut
554 755 620 784 nr.
647 743 771 784 1318.
793 740 869 784 lin.
895 743 933 783 6.
957 739 1311 799 εῖςηγησαμένου;
1342 754 1409 783 nr.
1443 743 1567 784 1328.
1606 745 1651 785 et
1677 757 1743 785 nr.

209 819 333 860 1329.
361 817 438 860 lin.
461 819 487 859 2
506 818 568 867 εἷς
597 814 675 874 τήν
693 815 1032 870 Λακεδαίμονα;
1060 831 1126 860 nr.
1146 818 1269 860 1334.
1300 816 1376 860 lin.
1411 819 1475 859 11.
1509 818 1574 859 12.
1605 820 1649 860 et
1674 832 1741 860 nr.

208 894 332 935 1335.
354 891 430 935 lin.
467 895 533 936 19.
566 894 635 936 20.
666 893 727 941 εἷς
760 887 923 935 στάλαν
953 891 1148 947 metm,
1182 889 1246 942 εἰς
1271 890 1324 934 ‘cd
1351 888 1483 951 ἱερόν,
1523 891 1741 948 aliasque,

202 967 286 1009 hoc
311 966 413 1009 inde
439 967 707 1023 explicatur,
748 967 867 1021 quod
897 967 1018 1010 tituli
1046 967 1112 1009 illi
1138 967 1310 1022 vulgari
1339 966 1527 1010 dialecto
1555 971 1634 1009 aut
1660 968 1741 1010 mi-

201 1042 315 1084 tiore
330 1040 509 1085 Doridis
524 1055 683 1097 genere
697 1041 751 1099 ³⁸)
774 1041 975 1098 concepti
993 1044 1108 1084 sunt.
1134 1040 1186 1083 In
1205 1039 1378 1084 mitiore
1396 1043 1545 1084 autem
1560 1039 1739 1094 Doride,

201 1113 319 1171 quod
345 1115 462 1160 infra
485 1115 757 1170 docebimus,
801 1130 940 1173 aeque
974 1129 1026 1159 ac
1064 1115 1235 1172 vulgari
1270 1115 1317 1158 in
1343 1114 1617 1169 Graecitate,
1645 1115 1738 1172 ple-

200 1204 385 1247 rumque
415 1190 467 1233 τὸ
495 1193 557 1242 εἷς
583 1192 797 1248 regnavit.

320 1266 415 1310 Iam
442 1281 545 1311 vero
573 1267 632 1311 ad
663 1267 980 1310 Heracleenses
1018 1265 1247 1319 accedam,
1285 1265 1443 1321 quibus
1481 1266 1588 1310 item
1613 1265 1665 1308 τὰ
1694 1267 1738 1318 ἐς

200 1341 416 1386 familiare
446 1342 549 1397 fuit,
579 1346 629 1386 ut
656 1342 833 1386 tabulae
864 1342 1178 1386 Heracleenses
1191 1341 1246 1400 ⁸⁹)
1268 1342 1383 1386 ‘satis
1409 1341 1591 1396 docent,
1620 1355 1734 1398 quae

200 1417 399 1473 exempla
426 1417 520 1461 sola
547 1420 627 1459 τοῦ
654 1419 695 1466 ἐς
720 1416 936 1473 praebent
962 1417 1096 1460 haec:

313 1643 362 1687 ³⁵)
387 1645 579 1690 praeterea
602 1641 693 1678 illud
717 1641 904 1678 decretum
927 1640 1092 1677 invenies
1116 1652 1173 1688 ap.
1196 1640 1369 1678 Mullach.
1394 1641 1563 1685 „Griech.
1580 1641 1737 1687 Vulgar-

196 1699 386 1746 sprache.“
410 1711 494 1747 pag.
520 1701 542 1735 6
566 1709 620 1746 sq.
923 1732 926 1734 .

313 1769 364 1811 ³⁶)
392 1769 484 1805 Pars
508 1768 655 1814 quidem
678 1768 854 1805 librorum
876 1767 1026 1808 lectioni
1050 1767 1088 1807 ἐν
1123 1767 1211 1815 τὰν,
1247 1768 1285 1807 ἐν
1321 1769 1386 1808 τὸν
1423 1768 1548 1805 favere
1578 1768 1733 1813 videtur,

193 1826 265 1861 vid.
296 1826 482 1862 Maittaire
505 1826 529 1861 1.
561 1836 591 1862 c.
621 1837 708 1872 pag.
741 1826 851 1862 250D
882 1830 919 1861 et
943 1825 1101 1861 Ahrens.
1132 1825 1157 1860 1.
1189 1836 1217 1862 c.
1250 1836 1335 1872 pag.
1368 1828 1453 1871 3593
1485 1826 1550 1862 sed
1582 1826 1734 1862 somnam

194 1883 232 1921 ἐν
259 1893 287 1918 c.
312 1880 404 1927 acc„
438 1882 484 1919 de
508 1893 580 1929 qua
602 1883 701 1919 infra
724 1883 922 1930 copiosius,
955 1893 978 1918 a
1008 1882 1194 1918 Laconum
1224 1892 1292 1918 usu
1321 1893 1401 1919 cum
1424 1883 1609 1919 Ahrensio
1642 1883 1666 1919 1.
1704 1893 1733 1918 c.

193 1940 474 1977 abiudicandam
500 1950 580 1977 esse
604 1950 746 1978 censeo.

310 1998 406 2035 Illud
429 2008 518 2035 vero
540 1999 659 2045 ἐπὸν,
687 1999 795 2038 ἐττὰν
822 2009 889 2045 pro
914 1999 953 2041 ἐς
979 1999 1057 2045 τὸν,
1086 1998 1125 2040 ἐς
1149 1997 1215 2036 τὰν
1233 1997 1341 2033 etiam
1364 1997 1524 2043 probant
1549 1998 1735 2034 Maittaire

191 2056 214 2092 1.
240 2068 269 2092 c.
303 2068 386 2103 pag.
420 2055 547 2101 254A,
579 2055 709 2093 Orelli:
751 2056 958 2103 „Opuscula
993 2056 1212 2093 Graecorum
1242 2057 1404 2091 veterum
1435 2056 1659 2093 sententiosa
1692 2060 1735 2108 ,et

191 2114 365 2150 moralia“
398 2114 500 2150 Tom.
532 2115 577 2150 II.
609 2125 693 2160 pag.
718 2114 788 2150 672
811 2117 849 2149 et
871 2114 1032 2150 Boeckh.
1060 2113 1097 2152 C.
1122 2113 1150 2148 I.
1174 2112 1256 2148 Vol.
1288 2113 1315 2148 L
1339 2124 1424 2158 pag.
1450 2113 1537 2158 725,
1570 2114 1632 2150 ubi
1655 2114 1730 2159 ille,

192 2182 407 2219 comparans
436 2170 657 2221 Boeotorum
683 2169 840 2211 ἔππασιν
865 2181 902 2217 p.
928 2169 1107 2222 ἔμπασιν,
1138 2169 1312 2217 Hesychii
1336 2170 1495 2216 glossam
1520 2170 1668 2211 ἔλλυσιν
1693 2183 1730 2218 p.

191 2228 340 2267 ἔκλυσιν
371 2232 409 2264 et
432 2232 597 2264 nostrum
622 2229 741 2275 ἐττὸν,
766 2228 993 2263 observavit:
1034 2228 1107 2271 „Et
1127 2227 1192 2263 illa
1224 2227 1368 2273 quidam
1398 2228 1609 2265 assimilatio
1637 2231 1729 2275 (scil.

189 2285 229 2322 in
255 2284 413 2325 ἔππασιν
437 2296 473 2332 p.
500 2283 679 2338 ἔμπασιν)
704 2284 773 2320 etsi
796 2283 886 2321 dura
911 2288 981 2330 est,
1011 2284 1197 2332 multoque
1231 2284 1372 2329 durior,
1399 2295 1511 2330 quam
1536 2284 1574 2327 ἐς
1598 2285 1662 2324 τὸν
1687 2286 1728 2322 in

190 2344 508 2388 &trev-mutatum,
532 2347 654 2378 tamen
677 2353 751 2378 non
776 2346 833 2378 est
856 2343 990 2388 durior,
1018 2354 1124 2390 quam
1148 2344 1296 2384 ἔκλυσιν
1322 2344 1463 2382 Cretice
1486 2348 1663 2382 mutatum
1690 2345 1729 2382 in

191 2399 381 2443 ἔλλυσιν.“
409 2421 454 2427 -

309 2473 354 2517 ³⁷)
380 2473 508 2524 βεττὸν
544 2472 753 2508 Laconibus
789 2472 961 2508 tribuitur
990 2470 1028 2509 in
1058 2474 1179 2519 Etym.
1211 2473 1263 2509 M.
1298 2476 1380 2520 195,
1414 2476 1471 2511 44.
1497 2474 1647 2525 βέστον,
1682 2474 1725 2513 τὸ

191 2530 337 2582 ἱμάτιον
367 2529 438 2570 ὑπὸ
466 2529 669 2571 Λακώνων·
700 2529 735 2568 οἱ
760 2529 800 2569 δὲ
830 2530 980 2581 βέττοψ
1002 2531 1190 2583 Διογένης.
1222 2550 1266 2556 —-

309 2601 353 2645 ³⁰)
375 2599 652 2636 Memorandum
676 2603 742 2643 est,
766 2600 804 2636 in
829 2600 945 2636 titulis
960 2600 1152 2636 Laconicis
1173 2604 1257 2646 post
1281 2612 1418 2637 annum
1442 2600 1726 2638 ducentesimum

188 2659 274 2693 ante
298 2655 382 2693 Chr.
407 2656 568 2703 scriptis,
594 2656 690 2692 omni
714 2657 939 2703 proprietate
962 2656 1146 2692 Laconica
1168 2657 1324 2701 abiecta,
1354 2657 1533 2693 mitiorem
1556 2657 1730 2694 Doridem

189 2714 382 2759 dominari,
413 2714 509 2761 quod
543 2714 722 2761 quomodo
754 2715 928 2761 explicari
957 2715 1091 2762 possit,
1126 2714 1332 2751 Ahrensius
1360 2714 1535 2753 indicavit
1566 2715 1590 2752 1.
1620 2726 1650 2754 c.
1681 2715 1732 2752 Π.

188 2781 274 2817 pag.
297 2773 367 2808 405
393 2782 445 2818 sq.

305 2841 356 2886 ³⁰)
383 2853 476 2888 quae
501 2845 647 2879 exstant
670 2842 709 2880 in
733 2842 911 2881 Boeckhii
935 2842 972 2880 C.
1000 2844 1028 2880 Ι.
1054 2842 1134 2880 Vol.
1158 2842 1218 2879 III.
1248 2853 1302 2879 nr.
1327 2844 1428 2880 5774.
1454 2845 1558 2881 5775.
