1963 3126
806 135 1097 186 ...π’

187 267 323 321 datur
345 285 442 321 n'on·
456 273 603 321 'solum
638 289 694 320 ex
725 275 855 319 metri
891 275 1172 330 necessitate,
1210 265 1360 320 verum
1377 294 1379 296 ·
1396 276 1510 321 alias.
1539 291 1711 334 quoque

188 356 307 396 certe
331 366 656 407 nonnunquam.
695 350 900 403 ,Quando
937 365 1039 395 vero
1077 352 1132 395 iis
1168 352 1217 395 in
1249 351 1376 406 locis,
1413 352 1489 395 ubi
1525 357 1712 398 metrum

178 429 420 483 'utramque
446 426 633 470 formam
666 425 893 479 admittit,
915 421 965 468 τό
1000 423 1071 476 εἰς,
1096 440 1124 468 a
1157 427 1337 481 tragicis
1365 426 1531 470 dictum
1560 429 1638 480 sit,
1666 429 1713 488 id

185 502 274 545 iam
299 496 498 545 nostrum
527 505 594 545 est
623 514 836 556 quaerere
863 514 916 544 ac
941 499 1198 544 diiudicare.
1261 500 1373 544 Sane
1402 501 1574 556 quidem
1604 497 1712 549 haec

186 577 387 632 quaestio
415 575 548 632 paulo
576 574 793 618 difficilior
819 588 913 618 esse
945 574 1137 628 videtur,
1182 576 1443 631 praesertim
1476 589 1610 631 quum
1643 591 1713 620 co·

187 652 482 707 gnoverimus,
521 664 655 706 quam
685 650 811 706 parvi
842 651 1051 695 momenti
1087 650 1133 693 in
1169 650 1238 693 his
1273 649 1403 693 rebus
1430 651 1490 694 sit
1516 655 1711 695 veterum

130 750 132 753 ·
185 725 397 770 librorum
425 726 684 779 auctoritas;
713 724 791 769 sed
817 725 1019 781 experiar
1046 724 1259 781 equidem,
1288 725 1434 780 quoad
1461 739 1652 781 possum.

300 801 417 844 Illud
442 801 616 844 omnino
645 800 970 845 concedendum
997 804 1077 853 est,
1106 801 1143 843 si
1169 801 1325 855 tragici
1350 804 1505 856 poetae
1526 801 1710 845 formam

185 870 246 927 εἷς
270 880 447 932 praeter
473 876 778 919 necessitatem
798 874 928 918 metri
949 874 1186 930 aliquando
1207 865 1476 927 admiserint,
1504 890 1590 918 non
1618 890 1710 920 esse

183 950 230 994 id
256 955 420 994 temere
448 965 500 994 ao
527 950 620 993 sine
646 949 816 1001 idonea*
836 950 1007 993 ratione
1042 949 1221 993 factum.
1294 949 1436 993 Huius
1467 953 1614 993 autem
1647 951 1711 995 rei

187 1039 357 1079 causae,
387 1028 600 1081 quantum
627 1024 786 1079 iudico,
815 1024 928 1068 aliae
955 1025 1103 1075 nullae
1129 1039 1225 1069 esse
1251 1028 1436 1081 possunt
1461 1025 1547 1067 nisi
1572 1025 1669 1069 hae.

298 1100 493 1143 Primum
520 1101 657 1156 igit-ur
676 1101 869 1156 tragicos
894 1100 941 1143 in
959 1100 1042 1143 hac
1063 1114 1110 1144 re
1133 1100 1330 1144 nonnihil
1351 1100 1521 1143 dedisse
1541 1100 1711 1143 aurium

182 1174 345 1219 iudicio
372 1174 576 1220 arbitror.
593 1177 666 1234 ¹¹2)
710 1176 779 1220 Sic
807 1180 924 1220 certe
950 1180 1051 1233 post
1078 1175 1294 1220 vocabula
1321 1176 1367 1220 in
1394 1176 1442 1226 ῖς
1468 1170 1710 1219 desinentia

183 1254 231 1294 et
257 1252 417 1294 similia
443 1252 660 1307 quaedam
694 1252 815 1295 haud
848 1251 1137 1307 improbabile
1170 1251 1342 1294 videtur
1383 1253 1444 1301 εἷς
1469 1265 1557 1293 non
1582 1251 1711 1305 plane

184 1325 241 1368 ab
267 1326 321 1369 iis
349 1331 545 1382 spretum
573 1341 681 1380 esse,
709 1326 827 1382 quod
847 1327 981 1370 etiam
1007 1326 1109 1369 libri
1130 1326 1300 1379 docent,
1330 1324 1488 1381 quibus
1508 1324 1712 1368 addicen-

184 1400 301 1443 tibus
329 1403 391 1451 εἷς
421 1401 583 1456 legitur
611 1415 648 1444 e.
676 1415 716 1456 g.
750 1401 950 1457 Sophocl.
982 1401 1089 1445 Oed.
1113 1401 1204 1444 Col.
1233 1416 1271 1443 v.
1301 1404 1385 1443 415
1413 1399 1475 1450 ὡς
1507 1398 1641 1457 φασὶν
1668 1397 1711 1441 οἱ

206 1475 416 1530 μολόντες
442 1479 505 1526 εἷς
532 1476 678 1535 Θήβης
704 1476 848 1520 πέδον.
876 1476 982 1523 ibid.
1010 1491 1049 1520 v,
1084 1479 1208 1520 1368.
1245 1474 1321 1519 cc‘c'd
1347 1470 1523 1533 ἄνδρες,
1563 1470 1613 1516 οῦ
1640 1489 1711 1529 γυ·

183 1554 336 1605 ναῖκες,
359 1549 422 1599 εἰς
442 1551 492 1594 τὸ
516 1555 766 1605 συμπονεῖν.
792 1552 922 1607 Soph.
945 1551 997 1595 fr.
1021 1554 1119 1594 736.
1142 1550 1349 1609 (Nauck.)
1371 1565 1407 1596 v.
1431 1553 1471 1592 2.
1501 1552 1709 1608 χωρῶμεν

182 1622 275 1684 ἤδη,
304 1626 475 1680 παῖδες,
504 1624 567 1676 εἰς
594 1626 650 1669 τά
676 1629 760 1669 τῶν
786 1629 935 1685 σοφῶν
971 1654 1053 1681 —-,
1100 1631 1145 1671 et
1169 1627 1221 1670 fr.
1253 1629 1363 1679 713„
1394 1629 1433 1668 2.
1478 1620 1711 1667 οὐπώποθ’

182 1697 286 1760 ἥβης
314 1704 373 1751 εἷς
399 1700 451 1744 τὸ
479 1704 655 1760 σῶφρον
678 1699 816 1755 ἵκετος
843 1707 887 1746 et
907 1703 1058 1759 Eurip.
1079 1702 1242 1746 Phoen.
1269 1704 1393 1745 1540.
1415 1699 1624 1755 ἐξάγαγες
1651 1701 1713 1751 εἷς

183 1779 289 1834 φῶς,
321 1777 426 1819 Eur.
455 1777 633 1820 Electra
657 1793 696 1820 v,
725 1781 823 1820 859.
850 1777 929 1826 θὲς
954 1777 1016 1828 εἷς
1041 1773 1179 1835 χορόν
1199 1777 1395 1831 aliasque
1424 1776 1611 1829 saepius.

296 1851 453 1912 Itaque
468 1850 587 1895 haud
614 1856 870 1895 cunctanter
891 1852 1095 1908 Aeschyli
1118 1852 1293 1908 Septem
1310 1866 1345 1894 c.
1368 1848 1501 1892 Theb.
1533 1863 1571 1890 v.
1594 1851 1662 1890 43.
1685 1862 1708 1891 e

182 1925 384 1980 Stobaeo,
396 1927 592 1983 Longino
604 1927 927 1983 scholiastaque
940 1927 1246 1983 Aristophanis
1256 1927 1457 1983 equidem
1467 1924 1708 1968 restituam:

178 2005 578 2060 ταυροσφαγοῦντες
599 2000 662 2051 εἰς
680 2002 939 2057 μελάνδετον
958 1999 1103 2054 σάκος,
1125 2018 1204 2058 pro
1226 2003 1406 2057 vulgata
1426 2001 1473 2053 ἐς
1490 2018 1538 2056 μ.
1560 2016 1600 2045 σ.

296 2077 519 2121 Fortassis
560 2079 694 2122 etiam
736 2079 783 2122 in
818 2078 962 2124 verbis
993 2094 1072 2135 per
1102 2078 1301 2135 ἐπειςῑῑὸ)
1331 2078 1398 2121 vel
1427 2079 1568 2122 simile
1606 2077 1711 2135 quid

181 2152 431 2208 compositis
461 2153 619 2208 tragici
652 2153 707 2196 ob
746 2168 897 2197 sonum
931 2168 1088 2210 parum
1120 2168 1296 2197 suavem
1328 2152 1376 2194 τι)
1410 2152 1452 2196 ἐς
1488 2153 1711 2209 aspernati

181 2232 305 2282 sunt3
335 2237 434 2272 cum
470 2227 661 2273 omnium
689 2230 827 2284 enim,
861 2234 910 2275 ut
944 2230 1139 2284 videtur,
1177 2233 1371 2272 veterum
1398 2230 1709 2285 exemplarium

180 2298 393 2347 consensu
419 2303 625 2361 legimus:
654 2306 808 2350 Aesch.
842 2306 996 2362 Agam.
1033 2321 1070 2349 v.
1111 2308 1209 2349 831.
1238 2301 1520 2364 ἐπειςφέρειν,
1549 2304 1708 2360 Coeph.

178 2393 216 2420 v.
248 2380 345 2422 636.
374 2376 640 2438 ἐπειςφέρει,
670 2380 789 2436 Sept.
818 2394 854 2423 c-
882 2380 1015 2425 Theb,
1037 2396 1075 2424 v.
1099 2384 1196 2424 583.
1220 2380 1458 2435 ξυι·ειςβοὶς;
1483 2407 1543 2413 -
1571 2379 1702 2435 Soph.

305 2651 360 2695 ¹¹²)
385 2650 560 2687 Conferas
573 2651 667 2687 Lud.
681 2651 951 2688 Bachmannum
969 2652 1016 2689 ad
1036 2652 1287 2700 Lycophronis
1308 2653 1546 2689 Cassandram
1571 2652 1651 2688 423.
1665 2672 1704 2677 —

303 2720 358 2766 ΙΙ3)
381 2719 588 2756 Ellendtius
619 2721 658 2757 in
689 2720 826 2757 Lexico
857 2721 970 2768 Soph.
1003 2731 1031 2757 s.
1063 2733 1095 2756 v.
1128 2722 1180 2764 εἰς
1204 2720 1281 2756 fin.:
1307 2722 1525 2766 „composita
1549 2723 1594 2757 ab
1621 2722 1706 2764 ἐπες

179 2778 390 2825 incipientia
417 2778 526 2824 plane
556 2779 943 2824 ignorare›Graecitas
975 2779 1119 2816 videtur
1148 2780 1263 2816 omnis
1295 2791 1327 2813 v.
1366 2779 1492 2825 Poppo
1524 2779 1620 2828 Prol.
1651 2779 1697 2815 ad

179 2835 294 2873 Thuc.
320 2836 400 2872 Vol.
425 2836 453 2872 Ι.
477 2848 559 2884 pag.
584 2837 688 2874 212.“

1449 2925 1501 2959 6*
