1963 3126
832 121 1124 167 --3l·—--

237 317 241 326 ¹
328 267 570 312 Ahrensius
596 282 699 311 vero
719 267 1015 323 productioris
1041 267 1208 312 formae
1237 266 1303 319 εἷς
1326 282 1456 313 usum
1475 283 1504 312 a
1523 269 1741 313 Cretensi-

213 342 294 385 bus
322 341 574 401 abiudicare
602 342 792 396 videtur,
820 343 849 385 1.
879 356 916 385 c.
937 342 994 386 ΙΙ.
1016 357 1115 398 pag.
1145 346 1242 386 359.
1272 343 1534 398 disputans:
1568 343 1739 397 „sedis-

212 421 279 461 cst
302 417 420 472 apud
445 417 563 471 illos,
597 418 673 472 qui
700 418 945 473 corripiunt
975 417 1172 471 ultimas,
1196 418 1425 461 Cretenses
1444 418 1578 476 (male
1594 420 1657 468 εἷς
1669 422 1739 463 est

210 506 274 535 nr.
315 494 441 535 2556.
475 494 540 536 1-1.
575 496 621 535 et
656 492 890 548 aliquoties
929 493 974 536 in
1009 492 1152 536 titulis
1190 493 1372 554 minoris
1398 492 1557 551 fidei).·“
1589 519 1648 525 ——

328 565 413 610 Sed
443 566 658 623 equidem·
673 568 781 613 mihi
811 582 899 611 non
929 582 1119 622 sumam,
1159 569 1205 611 in
1237 569 1560 625 praepositione
1597 571 1646 619 ἐς
1664 567 1742 612 ad-

208 642 397 686 hibenda
428 631 724 687 Cretensibus
762 644 1053 687 constantiam
1098 642 1356 697 obtrudere,
1399 645 1663 699 praesertim
1702 645 1739 687 si

209 718 456 772 considero,
480 722 660 774 quanta
666 720 840 764 omnino
861 719 995 762 fuerit
1016 719 1214 763 Creticae
1234 719 1410 763 Doridis
1431 719 1646 773 varietas,
1679 719 1735 763 cf

131 796 133 799 ’
209 794 392 838 Ahrens.
419 794 447 838 l.
475 808 514 838 c.
542 809 642 850 pag.
671 797 770 839 420.
797 809 860 850 sq.

321 1009 360 1053 A
391 1009 605 1054 severiore
622 1009 798 1054 Doridis
815 1024 972 1065 genere
987 1009 1077 1053 iam
1098 1008 1156 1052 ad
1176 1008 1366 1052 alterum
1378 1043 1388 1063 ,
1410 1010 1529 1065 quod
1549 1010 1737 1054 mitioris

206 1087 378 1129 nomine
413 1085 770 1140 significavimus,
807 1085 1177 1140 transgredimur,
1211 1088 1261 1128 ut
1295 1085 1342 1128 in
1377 1091 1429 1129 eo
1461 1099 1575 1141 quae
1602 1085 1737 1129 fuerit

204 1160 542 1216 praepositionis
571 1160 815 1217 scriptura,
842 1161 1127 1216 inquiramus.

323 1235 393 1278 Ad
421 1235 505 1279 hoc
533 1240 680 1279 autem
709 1250 1028 1291 genusquum,
1057 1236 1176 1291 quod
1203 1250 1336 1292 supra
1361 1237 1451 1280 iam
1478 1250 1736 1281 commemo-

202 1311 418 1364 ravimus,
446 1311 535 1354 illis
563 1312 638 1366 qui
664 1311 722 1354 ad
750 1311 1010 1354 severiorem
1031 1311 1241 1354 Doridem
1270 1312 1493 1366 pertinent
1522 1312 1734 1367 exceptis,

202 1384 350 1429 omnes
372 1387 528 1440 ceteri,
552 1387 799 1442 quicunque
821 1387 983 1430 Dorica
1004 1386 1192 1430 dialecto
1214 1386 1452 1433 utebantur
1466 1421 1476 1440 ,
1501 1386 1734 1430 revocandi

202 1461 302 1515 sint,
321 1462 479 1505 mirum
501 1477 596 1506 esse
617 1477 704 1506 non
724 1466 889 1520 potest,
906 1463 944 1506 si
958 1462 1076 1506 inter
1090 1465 1158 1506 tot
1174 1462 1317 1506 varias
1338 1465 1490 1518 gentes
1507 1462 1640 1505 etiam
1657 1476 1730 1505 va-

199 1537 312 1580 riam
332 1538 546 1581 rationem
566 1538 620 1580 de
647 1538 970 1594 praepositione
994 1543 1147 1581 nostra
1167 1537 1399 1582 scribenda
1425 1538 1735 1593 perspicimus,

200 1612 259 1655 Et
286 1613 462 1668 quidem
490 1617 581 1657 tres
606 1614 884 1669 potissimum
913 1613 1075 1659 classes
1113 1613 1382 1669 distinguere
1416 1613 1643 1667 debemus,
1673 1612 1731 1656 ad

200 1702 386 1743 quarum
421 1689 612 1745 priorem
646 1703 720 1733 eos
755 1688 962 1743 referam,
1002 1689 1078 1744 qui
1104 1688 1289 1733 formam
1317 1691 1377 1738 εἷς
1405 1688 1731 1745 praetulerunt,

199 1763 257 1806 ad
289 1764 495 1818 alteram,
536 1764 693 1819 quibus
720 1764 770 1806 τὸ
801 1762 846 1813 ἐς
874 1765 1067 1808 sollenne
1095 1765 1202 1818 fuit,
1240 1765 1298 1808 ad
1332 1765 1510 1807 tertiam
1538 1764 1732 1819 denique

201 1852 293 1893 eos,
332 1840 408 1894 qui
441 1840 779 1896 praepositionis
817 1841 859 1882 ἓν
887 1843 1044 1895 quarto
1083 1840 1204 1882 casui
1229 1839 1462 1882 adiunctae
1493 1853 1621 1881 usum
1648 1853 1729 1894 pro

200 1912 261 1963 εἰς
288 1928 386 1957 011111
416 1916 593 1958 Boeotis
624 1916 931 1970 Thessalisque
960 1930 1233 1959 communem
1259 1914 1496 1961 habebant.

316 1990 497 2047 Singula
523 1991 659 2047 igitur
686 1991 993 2034 examinemus

315 2066 384 2110 Ex
410 2066 615 2122 analogia
640 2068 730 2110 iam
756 2066 954 2110 iudicare
981 2067 1107 2120 licet,
1149 2066 1267 2122 apud
1298 2040 1531 2122 plerosque
1565 2079 1729 2119 eorum,

202 2143 278 2198 qui
315 2142 535 2186 mitiorem
559 2142 774 2186 Doridem
810 2145 1140 2199 expresserunt,
1176 2141 1418 2199 pleniorem
1453 2141 1639 2186 formam
1670 2143 1734 2193 εἷς

202 2233 255 2262 ex
274 2219 525 2278 antiquiore
546 2214 612 2270 ἐνς
630 2222 783 2262 natam
804 2233 913 2273 esse,
937 2218 1301 2275 quemadmodum
1322 2211 1388 2268 εἷς
1409 2233 1463 2262 ex
1482 2218 1571 2270 32¹9,-
1587 2218 1733 2269 τιθεὶς

196 2309 219 2337 0
251 2294 420 2348 testeus-,-
467 2295 515 2339 id
552 2295 670 2350 quod
709 2296 844 2339 etiam
880 2295 1189 2351 inscriptiones
1205 2294 1491 2350 ,singularum
1531 2295 1728 2350 gentium

195 2370 301 2413 satis
339 2370 612 2415 confirmant.
655 2371 714 2413 Τὸ
752 2373 813 2422 εἷς
848 2371 964 2421 0111111
995 2371 1217 2426 reperitur
1252 2370 1299 2412 in
1336 2370 1523 2413 mitioris
1549 2369 1729 2414 Doridis

193 2446 336 2490 titulis
371 2446 508 2491 hisce:
551 2462 616 2490 nr.
660 2450 783 2490 1052.
815 2447 903 2506 (tit.
933 2446 1119 2504 Megar.)
1154 2445 1230 2490 lin.
1264 2449 1331 2489 15.
1359 2443 1424 2496 εἰς
1451 2444 1617 2502 orM-ay
1652 2444 1729 2489 καὶ·

192 2662 232 2701 δὲ
263 2663 305 2702 τὸ
342 2665 541 2707 διαπαντὸς
575 2663 640 2706 ἀές
672 2662 796 2709 (Greg.
828 2662 867 2700 C.
900 2674 985 2710 pag.
1010 2663 1120 2709 345.),
1151 2674 1261 2709 quum
1293 2662 1494 2699 accuratius
1526 2661 1727 2708 inquirenti

190 2724 324 2766 pateat,
348 2727 432 2767 post
454 2722 598 2759 unicam
620 2722 720 2758 illam
737 2720 914 2759 Creticam
939 2721 1097 2768 glossam
1121 2720 1263 2767 reliqua
1287 2719 1333 2756 ad
1357 2719 1555 2756 Dorienses
1581 2719 1620 2755 in
1645 2718 1724 2755 uni·

189 2787 332 2813 versum
355 2778 484 2814 referri
514 2783 577 2815 aut
606 2779 654 2816 ad
683 2780 756 2815 alia
779 2779 927 2816 Doridis
958 2788 1111 2825 genera,
1143 2789 1214 2824 quo
1248 2779 1366 2823 ipsum
1390 2778 1479 2813 illud
1512 2779 1549 2816 ἐν
1574 2788 1642 2822 pro
1674 2777 1727 2819 εἰς

189 2837 358 2882 pertinet,
384 2837 490 2883 quod,
515 2841 556 2873 ut
579 2838 676 2874 infra
701 2838 918 2883 docebimus,
944 2836 1220 2884 septentrionali
1243 2835 1370 2872 Doridi
1394 2834 1580 2882 proprium
1604 2838 1670 2872 est.
