1963 3126
834 163 1127 210 a..a-eve--a-

214 307 396 366 insuper
419 308 463 353 h.
491 307 598 353 1.τὸ
625 307 694 362 εἷς
719 308 900 354 auribus
925 311 1065 367 magis
1098 309 1325 354 blanditur
1355 308 1537 368 propter
1562 325 1737 393 praece-

215 382 358 477 dentis
383 384 585 429 vocabuli
609 385 961 430 terminationem
988 388 1046 436 ε-ς.
1084 385 1170 430 Sed
1195 385 1303 429 haec
1335 386 1558 430 hactenus.

288 456 429 504 Iam
448 461 625 505 tertiam
660 473 850 505 causam
864 474 1208 515 commemorem,
1238 475 1315 504 cur
1340 474 1380 503 a
1393 462 1573 517 tragicis
1599 463 1732 543 inter·

215 533 319 578 dum
346 536 410 587 εἷς
434 550 478 592 p.
505 532 554 587 ἐς
573 535 819 581 admissum
846 536 916 580 sit.

290 607 382 653 In
414 611 503 654 arsi
534 611 688 667 quinti
714 611 841 668 pedis
865 611 1056 666 iambici,-
1092 613 1223 669 (quae
1251 612 1468 655 sententia
1494 626 1522 655 a
1548 613 1738 668 Reisigio

214 684 463 729 Coniectan.
499 686 545 729 in
571 685 793 743 Aristoph.
832 686 866 730 I.
900 701 942 743 p.
972 689 1070 730 252.
1098 687 1384 743 pronuntiata
1416 687 1604 730 maxime
1630 687 1734 729 mihi

213 759 399 819 arridet)
433 761 479 804 in
517 757 658 805 versu
679 762 879 806 trimetro
907 762 1056 819 aptius
1090 762 1204 806 solet
1238 761 1395 805 cadere
1430 760 1496 813 εἰς
1521 775 1651 817 quam
1679 759 1735 814 ἐς,

214 837 537 893 praepositione
558 851 657 880 cum
684 837 858 881 nomine
885 850 963 881 suo
989 841 1092 894 post
1117 838 1260 894 ipsum
1285 836 1476 880 Verbum
1494 825 1549 880 ‘iu
1572 837 1656 880 fine
1685 838 1741 880 si-

214 909 303 955 mul
326 909 648 957 enunciationis
676 913 782 962 sita:
810 912 1019 970 idemque
1032 913 1149 956 valet
1175 912 1229 956 de
1255 917 1452 956 extrema
1472 913 1559 956 arsi
1580 914 1625 956 in
1645 917 1734 956 tro-

213 987 374 1035 chaicis
399 987 595 1031 versibus
624 988 904 1031 catalecticis.
964 986 1044 1038 Εἰς
1063 989 1198 1043 igitur
1220 987 1476 1032 servandum
1498 1002 1591 1031 esse
1619 991 1736 1044 puto,

214 1076 250 1105 e.
283 1076 324 1118 g.
373 1061 666 1106 Eur.'Phoen.
701 1077 740 1108 v.
788 1065 911 1106 1254.
945 1059 1043 1105 τάδ’
1079 1060 1282 1122 ἦγϊρευον
1319 1063 1639 1121 παρακλοῦντες
1677 1060 1738 1111 εἷς

211 1136 370 1195 μάχην.
398 1138 501 1180 Eur.
532 1134 681 1194 Suppl.
710 1153 751 1180 v.v
780 1142 803 1181 7
809 1141 876 1181 20.
914 1134 1129 1197 κᾶκρουσα
1154 1141 1315 1196 χεῖρας·
1355 1136 1395 1180 οἱ
1429 1137 1468 1179 δ’
1496 1135 1655 1181 ἔτεινον
1681 1140 1740 1185 εἷς

212 1208 368 1267 πύλας,
400 1212 563 1256 ibidem
591 1227 628 1255 v.
669 1215 792 1256 1065.
830 1209 971 1270 ᾄσσω,
1004 1212 1214 1264 θανόντος
1248 1212 1493 1264 Καπανέως
1523 1212 1641 1271 τήνδ’
1679 1210 1740 1262 εἰς
1771 1202 1775 1205 ’

210 1288 366 1346 πυράν.
440 1289 608 1332 Helena
643 1305 681 1331 v.
726 1293 823 1332 778.
862 1289 1025 1338 σωθεὶς
1061 1285 1266 1332 δ’έκεῖθεν
1309 1287 1462 1331 ἐνθάδ’
1500 1283 1635 1346 ἦλθες
1677 1286 1739 1336 εἰς

212 1359 398 1423 σφαγάς.
417 1363 522 1408 Eur.
545 1363 699 1420 fragm,
722 1367 821 1409 303.
844 1364 1048 1422 (Nauck.)
1077 1380 1115 1408 v.
1139 1368 1178 1408 4.
1209 1352 1573 1422 ’ἥσσούςγεγῶτες
1599 1363 1739 1423 κρείσ-

211 1435 295 1482 σον’
328 1434 464 1497 ἦλθον
497 1437 562 1489 εἷς
596 1439 742 1498 τύχην.
770 1440 823 1483 fr.
853 1444 965 1494 488„
1010 1443 1050 1484 4.
1077 1440 1270 1484 τίκτουσι
1310 1440 1457 1482 πάντα
1499 1438 1741 1483 κάνέδωκαν

210 1513 273 1564 εἰς
299 1511 427 1573 φάος.
460 1515 513 1558 fr.
543 1519 641 1569 503,
671 1519 711 1560 3.
738 1514 927 1569 μένουσα
953 1512 1282 1563 κᾶσπούδαστος
1312 1510 1443 1571 ἦλθεν
1471 1513 1537 1565 εἷς
1563 1513 1739 1568 δόμους.

210 1589 307 1633 Et
295 1604 340 1633 m
370 1589 499 1647 Soph.
530 1590 636 1634 Oed.
665 1590 717 1636 R.
744 1606 782 1634 v.
812 1592 910 1635 861.
941 1605 964 1634 e
997 1590 1145 1634 codice
1173 1591 1290 1634 Flor.
1315 1591 1361 1633 Γ.
1392 1604 1490 1633 cum
1517 1589 1738 1634 Ellendtio

210 1665 314 1708 Lex.
343 1665 474 1722 Soph.
511 1680 546 1709 s.
589 1681 627 1709 v.
663 1668 736 1716 εἷς.
769 1665 959 1710 libenter
991 1666 1285 1710 restituimus:
1315 1665 1485 1724 πέμψω
1523 1661 1739 1719 razdaao'.

209 1738 318 1784 ἀλλ’
329 1741 465 1796 ἴωμεν
493 1739 558 1790 εἷς
590 1738 756 1796 δόμους
782 1757 862 1798 pro
893 1741 938 1791 ἐς
962 1741 1064 1797 δόμ.

325 1817 438 1860 Item
465 1817 618 1860 Aesch.
646 1817 801 1873 fragm.
835 1821 874 1871 5,
901 1817 984 1875 (6.)
1013 1832 1111 1860 cum
1138 1817 1335 1861 Nauckio
1371 1832 1394 1860 e
1422 1816 1517 1861 cod.
1544 1818 1643 1861 Par.
1674 1819 1747 1859 re·v

210 1892 398 1947 ceperim
433 1889 563 1934 πάλιν
588 1891 671 1950 yde
695 1889 831 1935 ‘inova'
869 1889 917 1934 ἐκ
949 1888 1101 1934 σκότου
1134 1890 1231 1935 τόδ’
1259 1882 1326 1943 έῖς
1361 1888 1487 1950 φάος.
1515 1896 1559 1934 et
1586 1890 1738 1934 Aesch.

211 1966 263 2010 fr.
293 1970 390 2021 237,
420 1970 444 2010 2
475 1969 593 2025 (256.
628 1967 704 2025 Η.)
738 1982 824 2012 non
862 1967 1015 2012 dubito
1052 1968 1252 2024 equidem
1291 1965 1338 2019 ἐς
1371 1969 1415 2011 in
1444 1965 1509 2017 εἰς
1542 1971 1736 2011 mutare:

207 2042 340 2094 κενόν,
368 2043 509 2086 πόνου
544 2040 795 2087 πλουτοῦνῑ’
823 2039 1029 2103 ἔπεμψεν
1063 2042 1127 2093 εἰς
1154 2043 1331 2098 δόμους.
1392 2045 1536 2100 Atque
1571 2043 1616 2086 in
1650 2047 1738 2085 tro-

210 2118 372 2162 chaicis
398 2119 596 2163 versibus
624 2117 690 2171 εἷς
715 2119 945 2175 legendum
974 2123 1053 2174 est,
1093 2120 1212 2163 velut
1247 2119 1351 2163 Eur.
1381 2119 1552 2163 Phoen.'
1570 2134 1607 2162 v.
1638 2122 1733 2161 598.

207 2188 319 2250 κᾷτα
339 2192 417 2237 σῦν
432 2193 656 2237 πολλοῖσιν
676 2189 809 2253 ἦλθες
828 2194 941 2254 πρὸς
960 2193 1035 2238 τὸν
1056 2191 1180 2238 οὐδὲν
1201 2193 1267 2246 εἷς
1285 2191 1430 2253 μάχην
1440 2214 1454 2243 ;
1484 2209 1583 2238 cum
1611 2193 1733 2237 codd.

213 2269 247 2311 F
250 2269 352 2312 lorr.
382 2269 584 2327 (excepto
612 2270 730 2313 Flor.
760 2272 820 2327 2.)
850 2270 992 2314 Guelf.
1020 2271 1128 2326 Aug.
1153 2270 1195 2313 b.
1224 2270 1263 2314 d.
1287 2270 1426 2313 Havn.
1449 2269 1734 2313 Leidensibus

212 2343 337 2388 MSS.
365 2344 571 2400 aliisque3
620 2345 775 2390 Aesch.
801 2345 956 2388 Persis.
980 2360 1018 2389 v.
1048 2348 1146 2388 221.
1177 2345 1282 2388 mihi
1311 2359 1479 2388 sumam
1506 2356 1735 2401 reponere:

208 2415 345 2462 ἐσθλά
364 2433 435 2463 σοι
462 2419 656 2475 πέμπειν
680 2419 812 2477 τέκνῳ
836 2435 898 2472 τε,
924 2422 1001 2480 γῆς
1028 2416 1206 2480 ἔνερθεν
1226 2419 1292 2472 εἰς
1311 2417 1446 2479 ‹puing-
1472 2433 1735 2476 quamquam

210 2509 371 2539 omnes.
383 2494 488 2549 libri
514 2496 560 2540 in
587 2498 628 2546 ἐς
655 2492 767 2556 φάος
797 2497 1043 2541 consentire
1068 2496 1280 2541 videntur.
1599 2486 1601 2488 ’

326 2571 412 2616 Sed
439 2586 525 2616 non
552 2573 696 2616 minus
721 2572 831 2617 bene
858 2573 1027 2630 plenior
1047 2573 1188 2617 forma
1216 2572 1406 2629 quadrat
1430 2588 1504 2617 eos
1531 2574 1577 2616 in
1602 2572 1734 2622 locos,

209 2646 284 2691 ubi
313 2648 507 2703 gravitas
533 2648 749 2704 quaedam
776 2649 823 2691 in
849 2635 1174 2705 praepositione
1202 2649 1349 2705 posita
1376 2652 1443 2692 est
1469 2651 1603 2704 atque
1629 2661 1735 2704 pon·

209 2722 312 2777 dus,
348 2722 713 2779 quemadmodum
748 2724 795 2768 in
828 2723 1035 2768 antithesi
1064 2724 1194 2780 Soph.
1231 2722 1386 2785 Trach.
1414 2738 1451 2767 v.
1482 2726 1550 2766 34.
1579 2725 1638 2773 εἷς
1664 2721 1737 2764 δό-
