1963 3126
883 153 1178 192 —14—

258 294 328 336 Sic
360 294 405 336 in
441 293 535 336 Alc.
567 293 721 349 fmgm.
764 297 815 336 13
855 295 943 349 (ap.
972 293 1235 336 Ahrensium
1262 293 1290 335 1.
1321 306 1356 335 c.
1384 293 1418 335 I.
1447 293 1493 335 in
1520 291 1791 350 Appendice)

258 367 472 410 traditum
499 368 693 411 invenies
719 366 786 418 εἰς
804 364 962 420 mistav,-
981 368 1027 410 in
1050 368 1251 423 Sapphus
1271 367 1425 422 fragm.
1452 370 1529 409 111
1554 365 1621 418 εἰς
1640 363 1794 409 οὐδένα
1834 380 1842 387 ·

256 457 328 483 πω
347 439 504 500 χρόνον
529 446 575 485 et
601 442 764 485 ibidem
792 442 844 485 fr.
877 445 952 496 69,
982 446 1007 484 2
1038 440 1105 492 εἷς
1131 437 1323 500 ὕστερον,
1359 456 1444 497 quo
1472 442 1569 485 loco
1592 439 1645 484 τᾶ
1673 439 1739 492 εἰς
1765 456 1793 485 a

257 516 435 569 Grotio,
464 531 592 573 quem
621 517 698 560 alii
727 518 867 561 secuti
895 521 1015 571 sunt,
1044 517 1243 561 additum
1271 521 1350 563 est.

374 591 461 636 Sed
497 593 698 647 quamvis
734 592 781 635 in
816 591 1011 635 confesso
1046 592 1104 635 sit
1137 591 1256 648 apud
1289 592 1501 636 Alcaeum
1531 595 1576 636 et
1613 591 1791 648 Sappho

256 667 479 711 Aeolicam
501 667 687 710 formam
708 665 775 717 εἰς
793 667 1109 722 praevaluisse,
1131 670 1280 710 tamen
1300 681 1388 711 non
1409 666 1539 711 facile
1559 668 1792 723 quisquam

254 743 410 785 merito
449 741 540 784 sibi.
566 745 734 796 sumat,
781 742 868 784 illis
916 742 962 784 in
1007 741 1090 785 hac
1118 756 1167 786 re
1211 742 1506 786 constantiam
1542 741 1790 786 obtrudere.

256 818 361 869 Quis
390 818 505 860 enim
526 818 702 860 omnino
724 832 751 860 a
776 818 919 872 poetis
939 818 1107 872 exigat,
1138 822 1188 861 ut
1212 817 1464 873 hujusmodi
1488 818 1535 861 in
1561 817 1692 861 rebus
1719 832 1791 861 us-

254 906 338 948 que
366 891 451 935 sibi
479 892 706 935 constent?
740 892 894 935 Nonne
916 892 1149 936 verisimile
1170 906 1223 936 ac
1242 891 1470 949 probabile
1492 895 1581 948 est,
1604 896 1792 936 metrum

253 968 321 1010 vel
342 982 496 1010 sonum
512 967 579 1009 vel
601 967 755 1018 aliam,
778 981 910 1022 quam
930 962 1180 1023 perspicere
1199 967 1327 1011 nobis
1348 982 1436 1011 non
1455 982 1628 1024 semper
1646 968 1792 1021 liceat,

253 1042 470 1085 rationem
497 1041 616 1097 apud
643 1056 718 1085 eos
745 1041 933 1097 alicujus
960 1042 1094 1086 fuisse
1126 1043 1359 1098 momenti,
1397 1046 1448 1086 ut
1475 1042 1793 1099 quandoquea

253 1117 566 1160 consuetudine
600 1131 680 1160 sua
711 1117 967 1160 recederent
1002 1119 1366 1173 exceptionesque
1391 1119 1563 1174 aliquas
1589 1117 1793 1161 admitte-

252 1192 384 1234 rent?
419 1191 472 1234 Id
499 1205 600 1234 vero
627 1192 905 1247 potissimum
934 1192 987 1234 de
1014 1192 1167 1235 formis
1197 1190 1263 1243 εἷς
1287 1196 1334 1235 et
1361 1191 1408 1243 ἐς
1433 1193 1578 1236 valere
1605 1192 1792 1247 videtur,

252 1280 439 1321 quarum
485 1279 629 1321 neque
672 1280 760 1309 una
797 1280 938 1322 neque
979 1267 1121 1311 altera
1157 1268 1203 1310 in
1240 1267 1333 1311 ulla
1375 1267 1571 1311 Graecae
1617 1267 1793 1323 linguae

254 1342 445 1386 dialecto
474 1342 568 1385 sola
595 1342 837 1398 reperitur3
877 1342 953 1385 sed
979 1343 1127 1398 potius
1156 1344 1193 1386 si
1222 1357 1312 1387 una
1338 1347 1516 1399 regnat,
1552 1343 1695 1387 altera
1720 1343 1792 1386 hic

251 1417 343 1459 illic
369 1417 668 1470 immiscetur,
697 1421 742 1459 et
769 1417 861 1459 vice
890 1431 1036 1470 versa3
1070 1417 1188 1472 quod
1214 1431 1330 1461 nunc
1360 1417 1548 1461 sufficiat
1572 1419 1793 1463 monuisse

251 1496 450 1546 tantum,
478 1492 596 1535 infra
622 1495 772 1535 autem
798 1493 939 1547 magis
967 1491 1212 1548 apparebit.
1552 1543 1558 1547 ,

373 1566 495 1618 Quae
531 1580 667 1622 quum
703 1566 768 1608 ita
800 1567 912 1619 sint,
952 1566 1154 1621 equidem
1191 1581 1280 1611 non
1314 1568 1527 1624 astipuler
1564 1568 1790 1623 Ahrensio,

251 1642 329 1697 qui
354 1642 401 1685 in
428 1642 580 1685 Alcaei
607 1641 856 1696 fragmento
885 1644 955 1694 24,
985 1644 1010 1684 3
1037 1655 1118 1697 pro
1151 1642 1318 1685 tradito
1346 1640 1404 1696 ἐς,
1437 1643 1557 1698 quod
1576 1644 1791 1698 Bergkius

250 1717 488 1773 („POETAE
508 1716 682 1759 LYRICI
702 1716 904 1759 GRAECI“
937 1715 1040 1758 edit.
1062 1716 1182 1772 Lips.
1210 1718 1340 1774 1853)
1373 1721 1418 1761 et
1440 1717 1790 1761 Schneidewinus

250 1793 298 1836 in
325 1791 511 1835 Delectu
537 1792 683 1847 poesis
711 1791 866 1834 Graec.
896 1791 1035 1847 (271).
1067 1792 1360 1846 retinuerunt,
1389 1790 1456 1844 εἰς
1487 1790 1790 1851 (Παυκώπιον

250 1861 367 1926 ἶρον)
396 1867 585 1923 scripsit,
614 1870 660 1910 et
685 1867 732 1908 in
750 1865 953 1922 Sapphus
981 1864 1228 1921 fragmento
1254 1870 1291 1922 1,
1324 1871 1375 1910 19
1393 1867 1618 1924 vulgatam
1637 1869 1789 1912 lectio-

250 1957 352 1986 nem
380 1942 427 1993 ἐς
453 1933 536 1985 ’σὰν
562 1938 779 2000 φιλότατα
805 1942 852 1983 in
879 1938 945 1990 εἰς
972 1939 1055 1982 σάν
1081 1941 1171 1999 φιλκ
1198 1942 1404 1996 mutavit3
1433 1957 1618 1999 quorum
1644 1947 1789 1999 poste-

249 2019 366 2062 riore
393 2018 513 2071 loco,
543 2018 581 2060 si
607 2022 728 2061 recte
755 2017 959 2074 conjicio,
989 2018 1209 2075 euphonia
1235 2018 1455 2075 poetriam
1488 2019 1782 2073 commoverit,

250 2098 301 2137 ut
326 2091 385 2146 ἐς,
398 2107 480 2149 pro
507 2092 637 2136 solito
666 2091 733 2143 εἷς
756 2098 953 2149 poneret.
982 2095 1169 2151 Propter
1184 2094 1368 2139 similem
1386 2094 1501 2137 enim
1516 2093 1789 2137 terminatio-

249 2183 350 2213 nem
370 2168 503 2225 paulo
524 2167 828 2224 praecedentis
849 2168 1052 2213 vocabuli
1066 2171 1176 2224 μαῖς
1190 2169 1258 2213 vel
1273 2168 1392 2223 λαῖς,
1409 2167 1462 2225 15)
1484 2167 1602 2224 quod
1622 2168 1789 2211 Ahren-

250 2245 340 2287 sius
368 2258 392 2286 e
421 2243 607 2287 Seidleri
636 2243 890 2299 conjectura
917 2244 1058 2298 dedit,
1086 2243 1137 2286 τὸ
1165 2242 1231 2294 εἰς
1256 2244 1400 2286 minus
1427 2247 1602 2299 gratum
1633 2257 1788 2286 sonare

249 2318 436 2372 videtur,
469 2333 601 2374 quam
628 2317 680 2361 τὸ
707 2317 779 2370 ἐς.·
820 2318 945 2373 ,,λαῖς
970 2314 1078 2377 ἄγην
1105 2318 1152 2370 ἐς
1179 2318 1260 2362 σὰν
1286 2314 1503 2378 φιλότατα
1510 2322 1553 2372 ,·“
1592 2319 1662 2361 cui
1690 2318 1788 2361 loco

196 2379 201 2384 ’
248 2396 355 2451 apte
385 2393 573 2438 forsitan
600 2406 828 2452 compares
856 2407 910 2437 ex
938 2392 1247 2451 Aristophanis
1269 2392 1621 2438 Acharnensibus
1641 2407 1679 2436 v.
1703 2394 1789 2435 884

249 2470 373 2526 (edit.
413 2470 536 2512 Imm.
571 2469 778 2526 Bekkeri)
819 2467 965 2518 ἐνθεὶς
995 2465 1053 2511 ἂν
1083 2468 1130 2519 ἐς
1156 2469 1300 2526 τίφην,
1330 2470 1459 2524 Vesp.
1497 2484 1536 2513 v.
1569 2472 1677 2511 1139
1711 2465 1788 2509 κού

371 2678 413 2724 ¹⁵)
441 2679 528 2729 μαῗς
545 2676 732 2713 Aeolicum
750 2680 806 2712 est
822 2687 889 2723 pro
907 2678 981 2729 μᾷς
1005 2676 1133 2728 (μοίεις
1156 2687 1178 2712 a
1196 2676 1315 2728 μάω),
1342 2676 1428 2711 item
1455 2678 1535 2719 λαῖς
1562 2675 1585 2712 i.
1609 2684 1639 2712 e.
1656 2675 1788 2712 Dorice

249 2739 317 2790 λῇς
343 2739 384 2787 (a
408 2739 484 2784 λῶ,
513 2735 633 2781 νο]ο.).
669 2735 779 2780 Apud
804 2735 938 2770 Aeoles
963 2734 1058 2769 enim
1083 2734 1120 2769 in
1146 2734 1191 2769 iis
1215 2733 1352 2777 verbis,
1380 2744 1530 2778 quorum
1555 2734 1665 2778 stirps
1689 2734 1726 2768 in
1753 2736 1787 2767 ἶ

249 2794 341 2837 exit,
366 2797 407 2829 ut
431 2794 576 2844 γελάω,
616 2793 653 2828 in
679 2792 839 2828 secunda
862 2801 1018 2837 persona
1042 2792 1137 2835 sing.
1161 2791 1236 2825 iota
1260 2801 1333 2825 non
1361 2790 1601 2835 subscriptum
1626 2795 1698 2834 est,
1724 2790 1786 2826 sed

173 2898 176 2901 y
249 2851 444 2897 genuinam
468 2850 736 2897 diphthongum
761 2850 898 2886 effecit:
924 2849 997 2886 vid.
1022 2849 1181 2886 AhrenS.
1206 2848 1252 2885 de
1276 2848 1361 2885 dial.
1386 2848 1414 2884 I.
1439 2859 1521 2894 pag.
1551 2849 1616 2884 138
1641 2859 1694 2894 sq.
