1963 3126
849 104 1146 169 ’Ξῖ-ΕΞ

226 259 341 324 μους
364 284 413 312 τε
438 268 520 312 xa‘a'e
546 260 794 326 ddpmffi),
824 262 953 327 Soph.
980 265 1119 313 Elect.
1149 284 1187 313 v.
1212 269 1377 314 685.'in
1400 265 1514 313 thesi
1534 265 1667 327 primi
1693 265 1767 326 pes-

233 343 303 388 dis
336 345 392 389 in'
418 346 590 389 senario
621 342 802 403 ‘ciffi-29⁸.
841 345 931 403 (cui
967 346 1217 401 oppositum
1252 349 1330 389 'est
1365 343 1526 403 ἐξῆλθε
1561 359 1609 387 ·v.
1643 341 1765 402 687.)

231 418 340 472 Oed.
369 420 424 463 R.
452 435 491 464 v.
522 423 618 464 238.
647 417 745 479 μήτ’
774 418 1049 474 εἰςδέχεσθαι
1067 419 1124 478 (V.
1154 423 1254 463 241.
1280 416 1414 463 ὠθεῖν
1440 416 1481 463 δ’
1498 411 1580 462 ὑπ”
1597 412 1767 479 obem),

229 498 274 544 ct
299 494 405 538 Eur.
435 496 596 538 Phoen.
634 511 671 539 v,
701 499 798 540 534.
837 488 1011 554 εἶςῆλᾶε
1038 492 1219 553 κάξῆλθ’
1247 492 1315 537 εντ’
1344 489 1626 554 ὀλέθρῳϊιὸν
1659 497 1769 552 χρω-

228 568 379 623 μένων
408 571 454 614 in
481 570 641 626 quibus
668 586 722 614 ne
753 569 1196 627 vestigium'quid'em'
1213 570 1426 614 tenuioris
1454 570 1619 615 formae
1647 569 1690 620 ἐς
1716 557 1762 613 in

229 643 354 701 libris
383 648 555 688 exstare
584 645 768 689 videtur.

347 719 544 775 Denique
571 734 672 764 vero
700 720 885 764 fortasse
914 722 1046 764 etiam
1074 735 1170 776 nonj
1191 720 1246 764 ab
1274 720 1392 764 omni
1412 725 1539 777 parte
1569 721 1768 765 reficien-

231 794 336 847 dum
363 797 458 849 est,
488 794 605 852 quod
632 794 683 838 V.
713 796 767 840 D.
794 793 1025 839 in·Edinb.
1054 796 1213 850 review
1236 810 1315 840 nr.¹
1333 798 1392 839 38
1415 810 1457 854 p.
1487 799 1585 840 491.
1607 796 1763 855 ‘ait¹??)

231 880 290 913 se‘
317 884 368 912 eo
398 870 624 923 inclinare,
655 874 704 912 ut
732 870 940 925 Tragicos
966 871 1013 913 in
1040 870 1201 926 primo,
1229 871 1363 914 tertio
1390 884 1443 913 ac
1471 871 1626 926 quinto
1651 870 1763 926 pede

229 945 388 988 ceteris
438 943 620 1001 paribus
658 944 900 1001 spondeum
944 944 1089 989 iambo
1124 943 1385 1001 praetulisse
1423 948 1550 1001 putet
1583 948 1764 1002 propter

228 1019 444 1064 rationem
477 1019 533 1063 ab
574 1020 760 1064 Horatio
794 1020 974 1065 allatam
1011 1022 1060 1064 A.
1097 1020 1141 1063 P.
1179 1023 1285 1064 255:
1330 1019 1526 1074 „tardior
1553 1025 1602 1064 ut
1628 1020 1761 1078 paulo

228 1096 489 1151 graviorque
522 1096 692 1139 veniret
725 1096 782 1139 ad
809 1100 977 1140 aures.“
1043 1097 1137 1139 Hac
1164 1096 1304 1153 igitur
1336 1097 1508 1139 ratione
1534 1100 1655 1140 recte
1681 1097 1767 1140 for-

221 1169 347 1215 sitan
389 1170 674 1227 explicaveris
714 1169 825 1214 illud
866 1168 1096 1219 εἰςελθέτω
1122 1183 1172 1213 σε
1203 1166 1376 1229 μήποθ’
1419 1169 1479 1222 ὡς
1517 1166 1600 1228 ἐγώ
1642 1167 1767 1223 Διός.

230 1244 406 1303 (Aesch.
443 1245 663 1289 Prometh.
704 1260 743 1289 v.
780 1246 945 1303 1006.);
992 1245 1190 1301 Choeph,
1229 1259 1267 1288 v.
1299 1249 1397 1289 211.
1427 1248 1489 1297 εἷς
1517 1242 1625 1304 ὄψιν
1652 1242 1770 1304 ἥκεις

228 1314 377 1379 ὦνπερ
404 1317 592 1379 ἐξηύχου
620 1316 759 1363 πάλαι
786 1321 961 1376 aliaque
989 1321 1169 1364 huiusce
1184 1322 1316 1364 -modi
1346 1321 1569 1365 nonnulla.

345 1399 409 1440 Ac
436 1400 673 1453 postremo,
704 1395 823 1452 quod
849 1396 959 1439 satis
987 1398 1156 1439 certum
1185 1399 1265 1450 est,
1292 1396 1450 1452 tragici
1477 1397 1523 1440 in
1545 1396 1659 1439 crasi
1680 1410 1766 1440 non

198 1484 202 1488 ·
227 1468 391 1529 κᾶςῑΠ)
415 1471 501 1527 (καὶ
528 1467 591 1527 ἐς)
620 1470 839 1524 dixerunt,
870 1475 920 1514 ut
948 1470 1115 1524 comici,
1145 1471 1222 1514 sed
1247 1472 1395 1527 potius
1421 1473 1511 1521 κεῖς
1535 1486 1588 1514 ex
1607 1470 1680 1514 καὶ
1702 1468 1768 1521 εἷς

229 1552 395 1600 natum,
439 1546 573 1590 veluti
615 1545 746 1601 Soph.
791 1545 917 1602 frgm.
962 1549 1059 1589 428.
1100 1545 1327 1604 (Nauck.)
1366 1561 1404 1590 v.
1443 1549 1481 1590 3.
1517 1548 1606 1597 ’κεῖς
1631 1544 1767 1598 θεοὺς

230 1622 283 1666 fr.
319 1623 452 1668 868a.
480 1618 572 1671 κείς
597 1620 761 1678 λήθην;
786 1620 891 1663 Eur.
921 1619 1033 1676 frag.
1062 1624 1161 1675 495,
1190 1624 1229 1663 4.
1257 1623 1346 1671 κείς
1372 1618 1543 1679 ἀνδρῶν
1565 1647 1637 1674 —,
1666 1622 1769 1664 Eur.

230 1697 390 1741 Phoen.
431 1711 469 1740 ν.
517 1699 641 1739 1016.
690 1696 774 1739 κείς
807 1692 958 1739 κοινόν.
1037 1696 1200 1741 Phoen.
1236 1711 1276 1739 v,
1321 1699 1433 1739 1660
1471 1694 1564 1747 κείς
1598 1694 1770 1751 δόμους,

231 1770 392 1816 Troad.
420 1786 458 1813 v.
490 1774 587 1813 474.
617 1770 776 1815 Ba'cch.
797 1785 835 1813 v.
867 1774 965 1813 743.
994 1774 1038 1813 et
1066 1771 1252 1826 saepius,
1281 1771 1366 1813 vid.
1396 1770 1680 1815 Valckenaer.
1711 1771 1767 1814 ad

231 1846 385 1901 Eurip.
414 1846 577 1890 Phoen.
605 1861 642 1887 v.
672 1849 769 1887 577.

350 1920 443 1963 Iam
471 1934 573 1963 vero
605 1920 658 1963 de
688 1920 868 1976 tragicis
889 1934 1002 1975 quae
1027 1935 1161 1976 porro
1179 1920 1250 1964 hic
1272 1924 1417 1965 tecum
1440 1922 1768 1975 communicem,

219 1995 500 2039 ‘nonhabeo
552 2019 556 2024 -

351 2070 458 2124 Sed,
503 2084 638 2126 quum
671 2070 755 2114 hac
781 2064 954 2114 ratione
982 2071 1155 2115 omnino
1190 2071 1492 2128 quaestionem
1531 2070 1585 2115 de
1611 2070 1769 2115 Atticis

234 2146 526 2203 scriptoribus
553 2146 610 2190 ad
638 2145 768 2190 finem
788 2145 1060 2200 adduxerim,
1091 2147 1223 2190 etiam
1244 2147 1521 2203 relinquitur,
1550 2150 1600 2190 ut
1627 2160 1769 2202 gram-

233 2223 493 2265 maticorum
527 2236 697 2264 canona
733 2221 786 2263 de
822 2222 1043 2277 scriptura
1075 2222 1416 2277 praepositionis
1454 2220 1572 2276 apud
1599 2222 1769 2266 Atticos

331 2467 414 2509 ⁴¹⁶)
441 2449 641 2511 compares:
654 2465 693 2504 αἵ
718 2463 746 2503 τ’
775 2464 864 2503 εἴσω
894 2464 1042 2516 στέγης,
1079 2470 1086 2510 1
1125 2464 1166 2503 αῗ
1192 2461 1222 2502 τ’
1252 2465 1359 2505 ἐκτὸς
1382 2464 1500 2515 αὐλῆς
1512 2462 1769 2514 Soph.'1'rach.

231 2535 264 2558 v.
299 2523 378 2560 202.
412 2523 475 2560 ubi
505 2527 661 2560 metrum
695 2521 840 2569 quidem
871 2522 982 2558 etiam
1015 2520 1090 2563 ἔσω
1121 2520 1273 2567 patitur,
1313 2519 1377 2557 sed
1409 2529 1538 2556 omnes
1572 2519 1666 2557 libri*
1680 2518 1770 2560 εἴσω

231 2581 392 2617 tradunt.

356 2650 416 2694 ¹2⁶)
442 2650 540 2686 hunc
570 2649 689 2687 locum
720 2650 808 2686 citat
831 2650 1010 2687 Matthiae
1039 2650 1086 2687 ad
1109 2649 1236 2695 Eurip.
1264 2648 1379 2685 Orest.
1412 2660 1441 2683 v.
1478 2648 1548 2685 270
1572 2653 1610 2685 et
1633 2647 1771 2685 Phoen.

232 2720 266 2744 v.
290 2711 370 2745 537.

356 2778 415 2823 ¹¹²)
439 2775 648 2812 Dindorfius
673 2787 746 2812 non
771 2780 870 2812 reete
894 2776 1043 2822 tragicis
1067 2776 1135 2818 κάς
1168 2775 1310 2819 tribuit,
1344 2775 1426 2811 vide
1459 2786 1540 2812 cum
1572 2775 1619 2812 ad
1643 2776 1770 2823 Eurip.

231 2836 371 2873 Phoen.
397 2847 430 2871 v.
455 2837 533 2871 574.
559 2855 606 2861 —
