1963 3126
772 117 1066 157 -36-

151 257 402 302 Ulrichsiu‘s
433 258 480 303 in
507 257 728 301 Welokeri
754 261 802 301 et
829 257 1061 302 Ritechelii
1084 257 1242 302 'Museo'
1273 253 1485 306 Rhenum
1505 257 1601 302 Vol.
1620 257 1684 303 11.

149 347 251 389 pag.
288 336 386 376 555.
416 332 579 387 edidit,
621 333 698 376 lin.
729 336 768 376 7.
797 334 840 376 ἓν
864 332 1129 392 ἐλευθερίαν.
1157 334 1225 368 '--
1250 328 1310 376 In*
1328 328 1587 377 Addorum
1606 321 1687 376 '‘de'-

144 412 272 453 creto
293 422 360 454 nr.
388 411 517 452 2350.
539 409 754 465 scriptum
779 411 925 451 exstat
951 408 1027 451 lin.
1049 411 1091 451 6.
1111 407 1167 450 τὰ
1189 409 1236 451 -ἓν
1260 403 1484 450 Λίτωλλαὺ
1506 406 1686 463 mayd-

149 499 286 539 μενα,·
305 484 381 530 lin.
404 488 445 528 9.
467 479 827 543 πρεσβευσάντων
846 485 888 528 ἐν
907 483 1023 539 Κέω,
1044 484 1103 528 nd
1124 498 1255 540 quem
1273 482 1419 528 locum
1438 478 1684 529 Boeekhius

144 559 401 605 adnotavit:
436 561 508 614 „lv
523 557 629 604 Κέω
653 558 775 603 haud
798 558 1037 615 dubiepr'o
1068 560 1109 605 ἐς
1128 556 1256 606 Κέω
1280 564 1385 603 nam
1410 559 1454 601 ἐν
1469 556 1577 614 7Κέῳ
1596 557 1684 614 legi

150 636 223 678 vix
242 639 440 690 potest“;
462 635 517 677 cf.
538 636 672 678 etiam
690 635 925 677 Franzium
944 634 1161 677 Element.
1175 633 1327 689 Epigr.
1349 633 1504 677 Graec.
1524 631 1567 688 p'.
1584 635 1683 676 216.

82 714 88 720 '
150 708 281 753 Unde
306 708 557 762 conieceris,
584 708 633 751 in
652 706 911 752 Aetolorum
930 722 1105 764 quoque
1131 707 1308 752 decreto
1334 696 1401 751 nr.
1430 709 1557 751 3046.
1588 706 1684 765 (Tei

148 784 267 828 circa.
286 797 326 826 a.
349 786 444 825 190.
466 796 511 826 a..
525 782 626 827 Chr.
642 784 855 840 positum)
870 783 947 826 lin.
973 787 1038 826 18.
1062 785 1105 826 ἐν
1122 782 1227 832 τοὺς
1240 782 1403 836 νόμους
1423 795 1476 825 ex
1494 781 1682 827 Hesselii

145 857 327 902 meliore
355 857 610 913 apographo
629 871 731 900 cum
757 857 975 904 Ahrensio
1010 857 1040 901 l.
1068 871 1104 901 c.
1132 858 1168 901 Ι.
1191 871 1294 914 pag.
1325 858 1424 900 237.
1450 851 1684 919 restituen-

143 932 250 977 dum
276 946 372 975 esse
398 946 481 987 pro
513 929 583 982 εἷς
613 930 717 980 τούς
747 928 930 985 νόμους,
972 932 1091 987 quod
1116 932 1364 976 Boeokhius
1396 931 1680 985 Chishullum‚

143 1006 308 1049 nullius
328 1005 431 1048 fidei
450 1005 684 1059 hominem,
707 1008 885 1049 secutus
905 1006 1121 1062 praetulit
1139 1005 1271 1062 idque
1291 1008 1541 1062 propterea,
1562 1005 1680 1060 quod

143 1082 219 1124 lin.
254 1083 319 1123 16.
349 1082 412 1131 εἰς
448 1077 553 1131 τούς
586 1076 749 1134 νόμους
784 1081 879 1124 sine
906 1080 1030 1124 varia
1066 1081 1254 1129 lectione
1286 1081 1519 1137 reperitur.
1587 1080 1680 1132 Quo

143 1160 295 1203 tamen
320 1156 418 1211 ipso
446 1155 548 1201 loco
570 1155 694 1199 nulla.
720 1159 789 1199 est
815 1155 1056 1210 dubitatio,
1095 1156 1204 1211 quin
1234 1150 1347 1201 illud
1377 1157 1439 1206 εἰς
1464 1154 1680 1211 lapicidae

143 1230 250 1275 Teio
285 1244 366 1286 pro
401 1229 603 1276 Aetolico
641 1231 685 1273 ἓν
720 1229 1029 1275 vindicandum
1065 1231 1143 1284 sit3
1188 1229 1243 1274 cf.
1270 1230 1463 1277 Ahrens:
1492 1230 1521 1273 l.
1559 1243 1595 1273 c.
1624 1228 1679 1273 11.

141 1319 242 1361 pag.
275 1309 342 1349 18.

260 1380 488 1424 Postremo
517 1379 932 1437 Thaumaeenses⁴⁸)
966 1379 1138 1436 aliquot
1172 1379 1328 1424 titulos
1355 1394 1421 1423 nr.
1454 1382 1577 1423 1771.
1614 1393 1680 1423 nr.

148 1457 274 1499 1772.
300 1470 365 1498 nr.
401 1458 525 1498 1773.
555 1469 905 1508 commemorem,
930 1455 977 1498 in
1008 1454 1169 1510 quibus
1198 1455 1274 1498 lin.
1306 1458 1344 1498 6.
1386 1468 1469 1510 pro
1504 1454 1578 1498 ἐπὶ
1607 1452 1682 1496 τὸν
1722 1471 1733 1476 ·

139 1518 319 1574 ,ἅπαντα
344 1525 511 1588 χρόνον,
535 1529 656 1585 quod
671 1528 921 1573 'Boeckhius
941 1544 965 1573 e
985 1529 1198 1576 Dodwelli
1218 1528 1474 1585 apographo
1500 1529 1679 1584 recepit,

146 1604 387 1648 Ahrensius
413 1604 442 1647 1.
471 1618 508 1649 0.
530 1604 563 1647 Ι.
585 1619 628 1660 p.
652 1607 750 1647 237.
773 1602 819 1647 ἐν
837 1603 914 1647 τᾶν
940 1600 1015 1650 ὄπ.
1034 1619 1103 1663 χρ.
1129 1603 1422 1648 revocandum
1449 1617 1546 1647 esse
1570 1602 1684 1647 iudi-

147 1683 240 1734 cat,
280 1683 325 1725 et
352 1679 529 1736 quidem
562 1679 733 1725 duobus
756 1679 980 1737 prioribus
1006 1680 1117 1725 locis
1142 1678 1319 1734 Leakii,
1360 1675 1544 1735 insignis
1577 1670 1681 1723 fidei

143 1756 239 1809 viri,
255 1755 522 1800 auctoritate
543 1759 798 1809 commotus,
819 1756 867 1801 in
885 1755 1129 1812 posteriore
1149 1758 1298 1799 amem
1316 1753 1453 1797 titulo
1468 1768 1534 1796 nr.
1555 1756 1606 1795 17
1611 1757 1635 1797 7
1639 1756 1680 1796 3.

144 1831 220 1886 qui
246 1845 274 1875 a
302 1831 395 1876 solo
424 1831 647 1875 Dodwello
674 1831 883 1884 traditur,
911 1846 935 1875 e
962 1831 1225 1875 coniectura.
1299 1829 1397 1882 Qua
1430 1830 1479 1872 in
1503 1828 1680 1872 resshuic

141 1906 236 1950 viro
265 1904 470 1961 equidem
496 1905 675 1949 omnino
701 1904 931 1961 astipulor.

224 1981 285 2023 Hi
319 1980 478 2034 igitur,
517 1994 627 2035 quos
660 1980 857 2033 laudavi,
898 1980 1018 2023 tituli
1053 1980 1163 2023 satis
1202 1982 1323 2023 certo
1360 1982 1465 2022 sunt
1503 1978 1678 2031 indicio,

142 2054 336 2111 Delphis,
358 2053 667 2109 Phocensibus,
690 2054 871 2109 Aetolis,
895 2053 1295 2099 Thaumacensibus
1307 2053 1364 2111 ⁴⁹)
1386 2052 1675 2110 praepositio-

140 2144 242 2174 nem
270 2132 316 2173 ἐν
339 2144 376 2173 c.
404 2143 495 2174 acc.
524 2130 734 2174 usitatam
760 2130 908 2174 fuisse.
962 2129 1070 2173 Inde
1096 2132 1246 2173 autem
1273 2128 1514 2184 collegerim
1543 2127 1677 2172 etiam

138 2205 379 2250 Locrenses
401 2207 446 2249 et
473 2204 662 2259 omnino,
692 2204 810 2261 quod
835 2204 1079 2249 Ahrensius
1103 2204 1132 2248 1.
1162 2218 1198 2247 c.
1226 2203 1283 2248 Π.
1310 2218 1351 2261 p.
1370 2206 1479 2258 359,
1501 2216 1568 2261 sq.
1586 2202 1677 2252 iam

141 2280 404 2336 suspicatur,
426 2279 675 2335 quicunque
697 2279 965 2325 Graecorum
991 2279 1112 2324 ultra
1128 2278 1360 2323 Boeotiam
1376 2274 1673 2322 habitantium

137 2451 415 2458 ——.-————--—

254 2574 302 2620 ⁴⁸)
327 2574 406 2620 qui,
431 2576 471 2609 ut
487 2572 693 2610 Ahrensius
717 2573 740 2610 l.
766 2584 785 2609 c
819 2574 847 2610 Ι.
871 2586 907 2621 p.
928 2574 1007 2611 235.
1032 2573 1164 2618 docuit,
1188 2584 1262 2610 non
1280 2573 1493 2610 Thessalica
1509 2572 1674 2619 dialecto,

135 2630 201 2666 sed
226 2630 353 2667 eodem
377 2630 525 2675 linguae
548 2639 682 2676 genere
711 2634 872 2675 utuntur,
899 2630 996 2676 quod
1019 2631 1058 2666 in
1081 2631 1282 2667 vicinorum
1305 2630 1518 2667 Aetolorum
1541 2633 1579 2666 et
1601 2630 1673 2666 Lo-

134 2698 276 2724 crorum
299 2687 598 2735 inscriptionibus
621 2687 844 2726 observatur.
870 2709 915 2716 —

252 2758 297 2804 ⁴⁰)
322 2758 399 2794 Has
432 2757 728 2805 septentrionalis
752 2757 931 2795 Graeciae
954 2762 1084 2806 gentes
1109 2768 1183 2795 non
1207 2757 1375 2802 Aeoliae,
1399 2761 1439 2793 ut
1462 2756 1577 2804 vulgo
1596 2756 1674 2803 opi-

133 2821 280 2860 nantur,
305 2816 369 2852 sed
394 2817 526 2853 Dorice
549 2816 689 2853 locutas
713 2826 795 2853 esse
819 2826 931 2863 supra
953 2817 1029 2853 iam
1051 2816 1269 2852 monuimus.
