1963 3126
584 714 1094 792 PARS
1167 714 1275 789 .'.[-

733 1163 1035 1229 Caput
1069 1164 1131 1212 L

339 1371 428 1421 DE
462 1369 762 1423 ORIGINE
800 1369 1365 1422 PRAEPOSITIONIS
1402 1383 1509 1424 ΕΙΣ.

280 1507 623 1562 Praepositionis
644 1505 722 1562 εἰς,
752 1508 790 1551 si
810 1508 1075 1563 quaerimus,
1104 1521 1217 1562 quae
1238 1508 1296 1550 sit
1316 1508 1462 1562 stirPS,
1491 1507 1697 1562 analogia

163 1582 257 1636 jam
276 1582 485 1636 postulat,
507 1586 556 1625 ut
575 1581 627 1624 τὸ
648 1580 715 1633 εἷς
730 1597 783 1625 ex
797 1582 1044 1638 antiquiore
1062 1580 1131 1632 ἐνς
1144 1585 1297 1626 natum
1312 1586 1527 1637 putemus,
1550 1595 1699 1637 quem-

165 1655 400 1700 admodum
428 1649 493 1707 εἷς
517 1671 570 1700 ex
597 1655 665 1708 ἕνς
693 1653 849 1717 (ἑνός),
876 1656 1021 1709 τιθεὶς
1052 1656 1284 1717 (τιθέντος)
1313 1671 1336 1700 e
1363 1656 1523 1710 τιθένς,
1550 1656 1652 1711 μείς
1663 1656 1696 1714 ¹)

163 1746 245 1787 pro
267 1733 484 1795 communi
504 1730 591 1790 μήν
615 1733 812 1792 (mensis)
836 1748 859 1777 e
878 1733 994 1788 μένς,
1023 1733 1077 1776 cf.
1100 1733 1283 1777 Ahrens.
1316 1732 1370 1775 de
1391 1732 1586 1776 Graecae
1616 1732 1699 1775 lin-

166 1819 276 1861 guae
289 1806 491 1851 dialectis
506 1808 541 1851 1.
552 1809 588 1865 ἓ,
610 1811 675 1851 10.
690 1812 735 1852 et
749 1808 938 1853 Boeckh
956 1808 1125 1865 Corpus
1139 1808 1342 1864 Inscript.
1353 1807 1449 1851 Vol.
1466 1807 1522 1850 Π.
1538 1822 1580 1863 p.
1600 1810 1698 1850 851.

279 1881 432 1938 Neque
469 1883 632 1937 minus,
671 1881 737 1934 εἷς
770 1884 874 1928 011111
908 1881 978 1935 ἒνς
1016 1884 1232 1938 sonuisse,
1274 1884 1375 1927 inde
1410 1887 1530 1927 recte
1570 1883 1700 1927 colle-

163 1958 300 2012 geris,
343 1958 462 2013 quo'd
497 1959 544 2000 in
577 1959 747 2014 aliquot
783 1959 978 2003 Graecae
1014 1959 1190 2015 linguae
1229 1959 1450 2011 dialectis,
1501 1958 1622 2001 velut
1653 1959 1700 2000 in

167 2032 503 2088 septentrionali
537 2047 650 2088 quae
676 2037 859 2077 vocatur
886 2033 1051 2077 Doride
1079 2038 1124 2077 et
1150 2034 1269 2090 apud
1295 2034 1485 2077 Boeotos
1512 2033 1698 2076 Thessa-

166 2107 342 2163 losque,
370 2110 422 2150 ut
446 2107 561 2151 infra
587 2107 854 2163 videbimus,
890 2123 971 2165 pro
998 2106 1065 2160 εἷς
1098 2110 1319 2166 reperitur
1354 2107 1400 2153 ἐν
1436 2122 1536 2152 cum
1571 2122 1698 2152 accu—

294 2354 316 2398 ¹)
341 2353 476 2390 Forma
501 2353 583 2405 μείς
606 2352 704 2399 apud
728 2353 851 2397 JoneS‚
876 2352 1035 2397 Atticm,
1054 2353 1187 2389 Aeoles
1211 2357 1249 2389 et
1272 2353 1371 2390 haud
1396 2353 1504 2390 dubie
1529 2354 1637 2389 etiam
1661 2354 1698 2390 in

162 2416 324 2460 mitiore,
357 2416 453 2463 quod
484 2415 632 2460 dicitur,
663 2415 810 2452 Doridis
839 2425 974 2461 genere
1004 2416 1043 2451 in
1075 2426 1144 2452 usu
1173 2420 1252 2452 erat
1290 2416 1336 2453 cf.
1361 2416 1517 2454 Ahrens.
1544 2417 1628 2454 dial.
1651 2418 1698 2454 ΙΙ.

164 2491 249 2527 pag.
273 2481 353 2518 242.
377 2485 416 2517 et
437 2481 468 2518 Ι.
491 2491 575 2527 pag.
602 2480 679 2518 122.
702 2480 800 2517 Male
829 2483 968 2525 autem,
1000 2483 1042 2516 ut
1064 2480 1125 2516 hic
1157 2490 1340 2526 moneam,
1374 2482 1471 2527 quod
1495 2482 1698 2517 Ahrensius

162 2543 189 2581 1.
214 2555 244 2582 c.
266 2544 315 2580 11.
337 2555 421 2592 pag.
445 2544 526 2581 242.
550 2538 626 2582 not.
650 2546 686 2582 3.
709 2547 746 2580 et
763 2543 971 2580 Boeckhius
994 2543 1032 2579 in
1058 2543 1166 2590 Corp.
1189 2544 1303 2581 Inscr.
1327 2544 1410 2581 Vol.
1440 2545 1469 2581 Ι,
1499 2555 1584 2591 pag.
1617 2544 1698 2581 721.

160 2606 238 2654 jam
262 2608 556 2653 observaverunt,
579 2607 820 2656 Etymologici
838 2607 967 2654 Magni
988 2611 1117 2645 auctor
1139 2608 1273 2657 aliique
1299 2609 1523 2655 grammatici
1546 2609 1585 2645 in
1609 2619 1698 2644 voce

167 2670 248 2723 μείς
273 2671 441 2708 Doricam
455 2672 582 2708 literae
606 2673 642 2725 ἦ
666 2672 703 2708 111
735 2676 771 2710 ἐἶ
792 2672 1027 2708 mutationem
1051 2672 1120 2708 sibi
1142 2682 1340 2718 agnoscere
1366 2677 1449 2708 sunt
1481 2673 1568 2717 visi;
1595 2672 1699 2718 quasi

145 2733 249 2788 ’μείς
274 2747 294 2774 e
323 2734 397 2787 μὴν
423 2738 548 2773 natum
571 2738 685 2781 esset,
711 2745 820 2782 quum
842 2738 964 2771 tamen
988 2734 1076 2771 satis
1099 2738 1291 2781 appareat,
1316 2739 1353 2771 et
1379 2735 1459 2787 μείς
1484 2741 1521 2771 et.
1546 2737 1619 2788 μὴν
1653 2745 1698 2771 ex

166 2808 241 2834 una
263 2796 463 2844 eademque
488 2798 603 2835 forma
628 2799 717 2852 μένς
740 2798 992 2834 deducendum
1008 2808 1088 2835 esse
1104 2798 1215 2845 (conf.
1233 2798 1351 2835 Giese.
1377 2799 1481 2835 Aeol.
1507 2799 1590 2837 dial.
1618 2811 1698 2846 pag.

169 2864 248 2900 164.
271 2862 371 2910 not.).
396 2883 444 2888 --

1432 2951 1488 2985 1*
