<?xml version="1.0" encoding="UTF-8"?>
<!DOCTYPE html PUBLIC "-//W3C//DTD XHTML 1.0 Transitional//EN"
    "http://www.w3.org/TR/xhtml1/DTD/xhtml1-transitional.dtd">
<html xmlns="http://www.w3.org/1999/xhtml" xml:lang="en" lang="en">
 <head>
  <title>
</title>
<meta http-equiv="Content-Type" content="text/html;charset=utf-8" />
  <meta name='ocr-system' content='tesseract 3.04.00' />
  <meta name='ocr-capabilities' content='ocr_page ocr_carea ocr_par ocr_line ocrx_word'/>
</head>
<body>
  <div class='ocr_page' id='page_1' title='image "4738107_0074.png"; bbox 0 0 1963 3126; ppageno 0'>
   <div class='ocr_carea' id='block_1_1' title="bbox 853 164 1145 205">
    <p class='ocr_par' dir='ltr' id='par_1_1' title="bbox 853 164 1145 205">
     <span class='ocr_line' id='line_1_1' title="bbox 853 164 1145 205; baseline 0 -10"><span class='ocrx_word' id='word_1_1' title='bbox 853 164 1145 205; x_wconf 69' lang='grc'>...62-</span> 
     </span>
    </p>
   </div>
   <div class='ocr_carea' id='block_1_2' title="bbox 214 291 1767 2461">
    <p class='ocr_par' dir='ltr' id='par_1_2' title="bbox 228 291 1767 586">
     <span class='ocr_line' id='line_1_2' title="bbox 234 291 1767 364; baseline 0.001 -17"><span class='ocrx_word' id='word_1_2' title='bbox 234 308 371 359; x_wconf 84' lang='lat' dir='ltr'><strong>ctare,</strong></span> <span class='ocrx_word' id='word_1_3' title='bbox 400 311 533 361; x_wconf 83' lang='lat' dir='ltr'><strong>quam</strong></span> <span class='ocrx_word' id='word_1_4' title='bbox 558 319 661 350; x_wconf 82' lang='lat' dir='ltr'><strong>vere</strong></span> <span class='ocrx_word' id='word_1_5' title='bbox 688 319 798 364; x_wconf 85' lang='lat' dir='ltr'><strong>opus</strong></span> <span class='ocrx_word' id='word_1_6' title='bbox 825 309 914 351; x_wconf 88' lang='lat' dir='ltr'><strong>est:</strong></span> <span class='ocrx_word' id='word_1_7' title='bbox 940 305 1054 352; x_wconf 84' lang='lat' dir='ltr'><strong>banc</strong></span> <span class='ocrx_word' id='word_1_8' title='bbox 1074 305 1373 362; x_wconf 83' lang='lat' dir='ltr'><strong>quaestionem</strong></span> <span class='ocrx_word' id='word_1_9' title='bbox 1394 291 1664 350; x_wconf 82' lang='lat' dir='ltr'><strong>adumbrabo</strong></span> <span class='ocrx_word' id='word_1_10' title='bbox 1691 305 1767 362; x_wconf 87' lang='lat' dir='ltr'><strong>po-</strong></span> 
     </span>
     <span class='ocr_line' id='line_1_3' title="bbox 229 369 1763 439; baseline 0.001 -19"><span class='ocrx_word' id='word_1_11' title='bbox 229 379 319 420; x_wconf 89' lang='lat' dir='ltr'><strong>tius</strong></span> <span class='ocrx_word' id='word_1_12' title='bbox 361 382 494 434; x_wconf 88' lang='lat' dir='ltr'><strong>atque</strong></span> <span class='ocrx_word' id='word_1_13' title='bbox 543 380 749 423; x_wconf 80' lang='lat' dir='ltr'><strong>extremis</strong></span> <span class='ocrx_word' id='word_1_14' title='bbox 795 384 970 427; x_wconf 81' lang='lat' dir='ltr'><strong>tantum</strong></span> <span class='ocrx_word' id='word_1_15' title='bbox 1012 381 1137 436; x_wconf 81' lang='lat' dir='ltr'><strong>quasi</strong></span> <span class='ocrx_word' id='word_1_16' title='bbox 1179 369 1454 427; x_wconf 77' lang='lat' dir='ltr'><strong>llneamcntis</strong></span> <span class='ocrx_word' id='word_1_17' title='bbox 1496 379 1763 439; x_wconf 81' lang='lat' dir='ltr'><strong>describam3</strong></span> 
     </span>
     <span class='ocr_line' id='line_1_4' title="bbox 228 452 1765 509; baseline 0 -12"><span class='ocrx_word' id='word_1_18' title='bbox 228 453 371 509; x_wconf 82' lang='lat' dir='ltr'><strong>ipsam</strong></span> <span class='ocrx_word' id='word_1_19' title='bbox 398 467 501 497; x_wconf 81' lang='lat' dir='ltr'><strong>vero</strong></span> <span class='ocrx_word' id='word_1_20' title='bbox 525 454 591 498; x_wconf 88' lang='lat' dir='ltr'><strong>rei</strong></span> <span class='ocrx_word' id='word_1_21' title='bbox 619 457 671 496; x_wconf 90' lang='lat' dir='ltr'><strong>nt</strong></span> <span class='ocrx_word' id='word_1_22' title='bbox 697 453 762 498; x_wconf 89' lang='lat' dir='ltr'><strong>ita</strong></span> <span class='ocrx_word' id='word_1_23' title='bbox 789 454 933 498; x_wconf 86' lang='lat' dir='ltr'><strong>dicam</strong></span> <span class='ocrx_word' id='word_1_24' title='bbox 960 453 1365 500; x_wconf 82' lang='lat' dir='ltr'><strong>exaedificationcm</strong></span> <span class='ocrx_word' id='word_1_25' title='bbox 1388 454 1437 496; x_wconf 78' lang='lat' dir='ltr'><strong>&#39;in</strong></span> <span class='ocrx_word' id='word_1_26' title='bbox 1461 452 1657 497; x_wconf 86' lang='lat' dir='ltr'><strong>futurum</strong></span> <span class='ocrx_word' id='word_1_27' title='bbox 1686 452 1765 497; x_wconf 88' lang='lat' dir='ltr'><strong>ali-</strong></span> 
     </span>
     <span class='ocr_line' id='line_1_5' title="bbox 230 527 1279 586; baseline 0.001 -16"><span class='ocrx_word' id='word_1_28' title='bbox 230 527 349 583; x_wconf 86' lang='lat' dir='ltr'><strong>quod</strong></span> <span class='ocrx_word' id='word_1_29' title='bbox 377 530 551 583; x_wconf 87' lang='lat' dir='ltr'><strong>tempus</strong></span> <span class='ocrx_word' id='word_1_30' title='bbox 575 528 718 586; x_wconf 81' lang='lat' dir='ltr'><strong>magis</strong></span> <span class='ocrx_word' id='word_1_31' title='bbox 745 532 1041 585; x_wconf 86' lang='lat' dir='ltr'><strong>opportunum</strong></span> <span class='ocrx_word' id='word_1_32' title='bbox 1068 528 1279 573; x_wconf 79' lang='lat' dir='ltr'><strong>differam.</strong></span> 
     </span>
    </p>

    <p class='ocr_par' dir='ltr' id='par_1_3' title="bbox 224 601 1762 958">
     <span class='ocr_line' id='line_1_6' title="bbox 348 601 1762 660; baseline 0 -14"><span class='ocrx_word' id='word_1_33' title='bbox 348 603 553 646; x_wconf 46' lang='lat' dir='ltr'><strong>Primum*</strong></span> <span class='ocrx_word' id='word_1_34' title='bbox 567 602 706 659; x_wconf 72' lang='lat' dir='ltr'><strong>igitur</strong></span> <span class='ocrx_word' id='word_1_35' title='bbox 729 601 784 648; x_wconf 79' lang='lat' dir='ltr'><strong>de</strong></span> <span class='ocrx_word' id='word_1_36' title='bbox 812 603 989 648; x_wconf 85' lang='lat' dir='ltr'><strong>comicis</strong></span> <span class='ocrx_word' id='word_1_37' title='bbox 1015 603 1180 657; x_wconf 83' lang='lat' dir='ltr'><strong>dicam3</strong></span> <span class='ocrx_word' id='word_1_38' title='bbox 1208 604 1254 647; x_wconf 85' lang='lat' dir='ltr'><strong>in</strong></span> <span class='ocrx_word' id='word_1_39' title='bbox 1281 603 1440 660; x_wconf 85' lang='lat' dir='ltr'><strong>quibus</strong></span> <span class='ocrx_word' id='word_1_40' title='bbox 1468 617 1575 658; x_wconf 91' lang='lat' dir='ltr'><strong>non,</strong></span> <span class='ocrx_word' id='word_1_41' title='bbox 1604 606 1656 647; x_wconf 91' lang='lat' dir='ltr'><strong>ut</strong></span> <span class='ocrx_word' id='word_1_42' title='bbox 1680 603 1762 646; x_wconf 80' lang='lat' dir='ltr'><strong>viri</strong></span> 
     </span>
     <span class='ocr_line' id='line_1_7' title="bbox 227 677 1762 735; baseline 0 -15"><span class='ocrx_word' id='word_1_43' title='bbox 227 677 347 721; x_wconf 90' lang='lat' dir='ltr'><strong>docti</strong></span> <span class='ocrx_word' id='word_1_44' title='bbox 380 677 446 720; x_wconf 85' lang='lat' dir='ltr'><strong>illi</strong></span> <span class='ocrx_word' id='word_1_45' title='bbox 484 677 729 720; x_wconf 87' lang='lat' dir='ltr'><strong>maximam</strong></span> <span class='ocrx_word' id='word_1_46' title='bbox 752 681 925 735; x_wconf 77' lang='lat' dir='ltr'><strong>partem</strong></span> <span class='ocrx_word' id='word_1_47' title='bbox 957 677 1224 731; x_wconf 83' lang='lat' dir='ltr'><strong>existimant,</strong></span> <span class='ocrx_word' id='word_1_48' title='bbox 1254 678 1438 722; x_wconf 85' lang='lat' dir='ltr'><strong>eandem</strong></span> <span class='ocrx_word' id='word_1_49' title='bbox 1461 679 1681 721; x_wconf 81' lang='lat' dir='ltr'><strong>rationem</strong></span> <span class='ocrx_word' id='word_1_50' title='bbox 1707 677 1762 720; x_wconf 79' lang='lat' dir='ltr'><strong>de</strong></span> 
     </span>
     <span class='ocr_line' id='line_1_8' title="bbox 224 745 1760 812; baseline 0.001 -18"><span class='ocrx_word' id='word_1_51' title='bbox 224 752 551 807; x_wconf 79' lang='lat' dir='ltr'><strong>praepositione</strong></span> <span class='ocrx_word' id='word_1_52' title='bbox 578 755 732 795; x_wconf 88' lang='lat' dir='ltr'><strong>nostra</strong></span> <span class='ocrx_word' id='word_1_53' title='bbox 760 748 993 796; x_wconf 77' lang='lat' dir='ltr'><strong>scribenda</strong></span> <span class='ocrx_word' id='word_1_54' title='bbox 1017 752 1206 796; x_wconf 82' lang='lat' dir='ltr'><strong>valuisse</strong></span> <span class='ocrx_word' id='word_1_55' title='bbox 1219 787 1230 806; x_wconf 91' lang='lat'>‚</span> <span class='ocrx_word' id='word_1_56' title='bbox 1270 766 1383 808; x_wconf 85' lang='lat' dir='ltr'><strong>quae</strong></span> <span class='ocrx_word' id='word_1_57' title='bbox 1410 752 1529 812; x_wconf 84' lang='lat' dir='ltr'><strong>apud</strong></span> <span class='ocrx_word' id='word_1_58' title='bbox 1555 745 1760 808; x_wconf 67' lang='lat' dir='ltr'><strong>tragicos,</strong></span> 
     </span>
     <span class='ocr_line' id='line_1_9' title="bbox 230 826 1761 887; baseline 0 -17"><span class='ocrx_word' id='word_1_59' title='bbox 230 829 571 871; x_wconf 83' lang='lat' dir='ltr'><strong>consentaneum</strong></span> <span class='ocrx_word' id='word_1_60' title='bbox 608 830 695 880; x_wconf 85' lang='lat' dir='ltr'><strong>est3</strong></span> <span class='ocrx_word' id='word_1_61' title='bbox 725 827 887 887; x_wconf 79' lang='lat' dir='ltr'><strong>qnippe</strong></span> <span class='ocrx_word' id='word_1_62' title='bbox 919 841 1055 884; x_wconf 90' lang='lat' dir='ltr'><strong>quum</strong></span> <span class='ocrx_word' id='word_1_63' title='bbox 1089 828 1265 872; x_wconf 87' lang='lat' dir='ltr'><strong>omnino</strong></span> <span class='ocrx_word' id='word_1_64' title='bbox 1299 828 1472 871; x_wconf 81' lang='lat' dir='ltr'><strong>Atticus</strong></span> <span class='ocrx_word' id='word_1_65' title='bbox 1498 826 1761 871; x_wconf 76' lang='lat' dir='ltr'><strong>comicorum</strong></span> 
     </span>
     <span class='ocr_line' id='line_1_10' title="bbox 225 902 795 958; baseline 0.004 -14"><span class='ocrx_word' id='word_1_66' title='bbox 225 914 368 945; x_wconf 85' lang='lat' dir='ltr'><strong>sermo</strong></span> <span class='ocrx_word' id='word_1_67' title='bbox 395 915 423 945; x_wconf 89' lang='lat' dir='ltr'><strong>a</strong></span> <span class='ocrx_word' id='word_1_68' title='bbox 449 904 619 958; x_wconf 85' lang='lat' dir='ltr'><strong>tragico</strong></span> <span class='ocrx_word' id='word_1_69' title='bbox 646 902 795 946; x_wconf 84' lang='lat' dir='ltr'><strong>distet.</strong></span> 
     </span>
    </p>

    <p class='ocr_par' dir='ltr' id='par_1_4' title="bbox 214 971 1760 2461">
     <span class='ocr_line' id='line_1_11' title="bbox 342 971 1760 1035; baseline 0.001 -15"><span class='ocrx_word' id='word_1_70' title='bbox 342 976 439 1020; x_wconf 92' lang='lat' dir='ltr'><strong>Hoc</strong></span> <span class='ocrx_word' id='word_1_71' title='bbox 466 971 614 1021; x_wconf 84' lang='lat' dir='ltr'><strong>autem</strong></span> <span class='ocrx_word' id='word_1_72' title='bbox 641 976 939 1023; x_wconf 79' lang='lat' dir='ltr'><strong>observavisse</strong></span> <span class='ocrx_word' id='word_1_73' title='bbox 966 978 1074 1022; x_wconf 87' lang='lat' dir='ltr'><strong>mihi</strong></span> <span class='ocrx_word' id='word_1_74' title='bbox 1100 978 1274 1033; x_wconf 83' lang='lat' dir='ltr'><strong>videor,</strong></span> <span class='ocrx_word' id='word_1_75' title='bbox 1300 977 1420 1035; x_wconf 78' lang='lat' dir='ltr'><strong>apud</strong></span> <span class='ocrx_word' id='word_1_76' title='bbox 1447 979 1657 1032; x_wconf 82' lang='lat' dir='ltr'><strong>comicos,</strong></span> <span class='ocrx_word' id='word_1_77' title='bbox 1685 978 1760 1034; x_wconf 88' lang='lat' dir='ltr'><strong>qui</strong></span> 
     </span>
     <span class='ocr_line' id='line_1_12' title="bbox 225 1043 1759 1110; baseline 0.001 -16"><span class='ocrx_word' id='word_1_78' title='bbox 225 1043 498 1096; x_wconf 84' lang='lat' dir='ltr'><strong>communem</strong></span> <span class='ocrx_word' id='word_1_79' title='bbox 513 1053 667 1108; x_wconf 88' lang='lat' dir='ltr'><strong>populi</strong></span> <span class='ocrx_word' id='word_1_80' title='bbox 688 1065 945 1107; x_wconf 87' lang='lat' dir='ltr'><strong>sermonem,</strong></span> <span class='ocrx_word' id='word_1_81' title='bbox 967 1054 1012 1097; x_wconf 88' lang='lat' dir='ltr'><strong>in</strong></span> <span class='ocrx_word' id='word_1_82' title='bbox 1033 1066 1134 1110; x_wconf 88' lang='lat' dir='ltr'><strong>quo,</strong></span> <span class='ocrx_word' id='word_1_83' title='bbox 1161 1057 1215 1097; x_wconf 81' lang='lat' dir='ltr'><strong>ut</strong></span> <span class='ocrx_word' id='word_1_84' title='bbox 1239 1063 1372 1109; x_wconf 82' lang='lat' dir='ltr'><strong>supra</strong></span> <span class='ocrx_word' id='word_1_85' title='bbox 1390 1053 1479 1096; x_wconf 83' lang='lat' dir='ltr'><strong>iam</strong></span> <span class='ocrx_word' id='word_1_86' title='bbox 1499 1054 1759 1106; x_wconf 87' lang='lat' dir='ltr'><strong>monuimus,</strong></span> 
     </span>
     <span class='ocr_line' id='line_1_13' title="bbox 222 1125 1760 1184; baseline 0.001 -15"><span class='ocrx_word' id='word_1_87' title='bbox 222 1126 362 1170; x_wconf 88' lang='lat' dir='ltr'><strong>multo</strong></span> <span class='ocrx_word' id='word_1_88' title='bbox 389 1130 494 1170; x_wconf 89' lang='lat' dir='ltr'><strong>ante</strong></span> <span class='ocrx_word' id='word_1_89' title='bbox 520 1126 751 1171; x_wconf 85' lang='lat' dir='ltr'><strong>Euclidem</strong></span> <span class='ocrx_word' id='word_1_90' title='bbox 771 1127 1028 1173; x_wconf 85' lang='lat' dir='ltr'><strong>archontem</strong></span> <span class='ocrx_word' id='word_1_91' title='bbox 1058 1127 1282 1183; x_wconf 80' lang='lat' dir='ltr'><strong>vulgarem</strong></span> <span class='ocrx_word' id='word_1_92' title='bbox 1301 1128 1672 1184; x_wconf 80' lang='lat' dir='ltr'><strong>praepositionem</strong></span> <span class='ocrx_word' id='word_1_93' title='bbox 1694 1125 1760 1177; x_wconf 80' lang='grc' dir='ltr'><strong>εἰς</strong></span> 
     </span>
     <span class='ocr_line' id='line_1_14' title="bbox 225 1201 1757 1258; baseline 0.001 -15"><span class='ocrx_word' id='word_1_94' title='bbox 225 1201 435 1244; x_wconf 87' lang='lat' dir='ltr'><strong>usitatam</strong></span> <span class='ocrx_word' id='word_1_95' title='bbox 469 1201 603 1245; x_wconf 84' lang='lat' dir='ltr'><strong>fuisse</strong></span> <span class='ocrx_word' id='word_1_96' title='bbox 640 1202 877 1247; x_wconf 82' lang='lat' dir='ltr'><strong>verisimile</strong></span> <span class='ocrx_word' id='word_1_97' title='bbox 915 1207 1003 1256; x_wconf 87' lang='lat' dir='ltr'><strong>est,</strong></span> <span class='ocrx_word' id='word_1_98' title='bbox 1029 1202 1340 1256; x_wconf 79' lang='lat' dir='ltr'><strong>imitabantur,</strong></span> <span class='ocrx_word' id='word_1_99' title='bbox 1368 1202 1483 1245; x_wconf 90' lang='lat' dir='ltr'><strong>hanc</strong></span> <span class='ocrx_word' id='word_1_100' title='bbox 1508 1203 1649 1258; x_wconf 86' lang='lat' dir='ltr'><strong>ipsam</strong></span> <span class='ocrx_word' id='word_1_101' title='bbox 1676 1202 1757 1245; x_wconf 88' lang='lat' dir='ltr'><strong>for-</strong></span> 
     </span>
     <span class='ocr_line' id='line_1_15' title="bbox 224 1277 1759 1333; baseline 0.001 -16"><span class='ocrx_word' id='word_1_102' title='bbox 224 1289 342 1318; x_wconf 85' lang='lat' dir='ltr'><strong>mam</strong></span> <span class='ocrx_word' id='word_1_103' title='bbox 369 1290 568 1331; x_wconf 87' lang='lat' dir='ltr'><strong>regnare.</strong></span> <span class='ocrx_word' id='word_1_104' title='bbox 612 1277 695 1332; x_wconf 81' lang='lat' dir='ltr'><strong>Sic,</strong></span> <span class='ocrx_word' id='word_1_105' title='bbox 726 1277 844 1333; x_wconf 84' lang='lat' dir='ltr'><strong>quod</strong></span> <span class='ocrx_word' id='word_1_106' title='bbox 869 1278 1099 1333; x_wconf 82' lang='lat' dir='ltr'><strong>permagni</strong></span> <span class='ocrx_word' id='word_1_107' title='bbox 1126 1281 1193 1320; x_wconf 87' lang='lat' dir='ltr'><strong>est</strong></span> <span class='ocrx_word' id='word_1_108' title='bbox 1219 1277 1441 1330; x_wconf 87' lang='lat' dir='ltr'><strong>momenti,</strong></span> <span class='ocrx_word' id='word_1_109' title='bbox 1469 1277 1599 1319; x_wconf 87' lang='lat' dir='ltr'><strong>metri</strong></span> <span class='ocrx_word' id='word_1_110' title='bbox 1626 1290 1759 1319; x_wconf 88' lang='lat' dir='ltr'><strong>causa</strong></span> 
     </span>
     <span class='ocr_line' id='line_1_16' title="bbox 221 1350 1759 1406; baseline -0.001 -12"><span class='ocrx_word' id='word_1_111' title='bbox 221 1353 324 1394; x_wconf 90' lang='lat' dir='ltr'><strong>ante</strong></span> <span class='ocrx_word' id='word_1_112' title='bbox 360 1351 533 1395; x_wconf 85' lang='lat' dir='ltr'><strong>vocales</strong></span> <span class='ocrx_word' id='word_1_113' title='bbox 566 1353 782 1396; x_wconf 81' lang='lat' dir='ltr'><strong>sexcentis</strong></span> <span class='ocrx_word' id='word_1_114' title='bbox 818 1351 927 1396; x_wconf 90' lang='lat' dir='ltr'><strong>locis</strong></span> <span class='ocrx_word' id='word_1_115' title='bbox 962 1351 1012 1395; x_wconf 88' lang='grc' dir='ltr'>τό</span> <span class='ocrx_word' id='word_1_116' title='bbox 1039 1350 1106 1403; x_wconf 81' lang='grc' dir='ltr'><strong>εἷς</strong></span> <span class='ocrx_word' id='word_1_117' title='bbox 1131 1350 1292 1405; x_wconf 88' lang='lat' dir='ltr'><strong>habes,</strong></span> <span class='ocrx_word' id='word_1_118' title='bbox 1319 1365 1536 1406; x_wconf 85' lang='lat' dir='ltr'><strong>nusquam</strong></span> <span class='ocrx_word' id='word_1_119' title='bbox 1564 1364 1666 1394; x_wconf 86' lang='lat' dir='ltr'><strong>vero</strong></span> <span class='ocrx_word' id='word_1_120' title='bbox 1692 1350 1759 1393; x_wconf 86' lang='lat' dir='ltr'><strong>vel</strong></span> 
     </span>
     <span class='ocr_line' id='line_1_17' title="bbox 222 1424 1758 1485; baseline 0 -16"><span class='ocrx_word' id='word_1_121' title='bbox 222 1430 341 1470; x_wconf 85' lang='lat' dir='ltr'><strong>certe</strong></span> <span class='ocrx_word' id='word_1_122' title='bbox 375 1427 599 1471; x_wconf 82' lang='lat' dir='ltr'><strong>rarissime</strong></span> <span class='ocrx_word' id='word_1_123' title='bbox 614 1427 668 1485; x_wconf 81' lang='lat'><strong>⁹⁵)</strong></span> <span class='ocrx_word' id='word_1_124' title='bbox 690 1428 756 1473; x_wconf 43' lang='lat' dir='ltr'><strong>*in*</strong></span> <span class='ocrx_word' id='word_1_125' title='bbox 789 1428 1052 1473; x_wconf 84' lang='lat' dir='ltr'><strong>comicorum</strong></span> <span class='ocrx_word' id='word_1_126' title='bbox 1086 1428 1283 1483; x_wconf 89' lang='lat' dir='ltr'><strong>reliquiis</strong></span> <span class='ocrx_word' id='word_1_127' title='bbox 1318 1426 1370 1470; x_wconf 85' lang='grc' dir='ltr'><strong>τὸ</strong></span> <span class='ocrx_word' id='word_1_128' title='bbox 1411 1424 1455 1476; x_wconf 77' lang='grc' dir='ltr'><strong>ἐς</strong></span> <span class='ocrx_word' id='word_1_129' title='bbox 1492 1427 1536 1469; x_wconf 91' lang='lat' dir='ltr'><strong>in</strong></span> <span class='ocrx_word' id='word_1_130' title='bbox 1574 1440 1623 1470; x_wconf 89' lang='lat' dir='ltr'><strong>eo</strong></span> <span class='ocrx_word' id='word_1_131' title='bbox 1662 1426 1758 1469; x_wconf 91' lang='lat' dir='ltr'><strong>loco</strong></span> 
     </span>
     <span class='ocr_line' id='line_1_18' title="bbox 221 1500 1757 1559; baseline -0.001 -15"><span class='ocrx_word' id='word_1_132' title='bbox 221 1501 485 1546; x_wconf 84' lang='lat' dir='ltr'><strong>collocatum</strong></span> <span class='ocrx_word' id='word_1_133' title='bbox 518 1503 705 1559; x_wconf 85' lang='lat' dir='ltr'><strong>reperiri</strong></span> <span class='ocrx_word' id='word_1_134' title='bbox 741 1503 936 1557; x_wconf 79' lang='lat' dir='ltr'><strong>videtur,</strong></span> <span class='ocrx_word' id='word_1_135' title='bbox 978 1517 1064 1558; x_wconf 89' lang='lat' dir='ltr'><strong>quo</strong></span> <span class='ocrx_word' id='word_1_136' title='bbox 1103 1508 1290 1546; x_wconf 87' lang='lat' dir='ltr'><strong>metrum</strong></span> <span class='ocrx_word' id='word_1_137' title='bbox 1332 1502 1506 1546; x_wconf 86' lang='lat' dir='ltr'><strong>brevem</strong></span> <span class='ocrx_word' id='word_1_138' title='bbox 1545 1500 1757 1557; x_wconf 83' lang='lat' dir='ltr'><strong>syllabam</strong></span> 
     </span>
     <span class='ocr_line' id='line_1_19' title="bbox 219 1575 1755 1633; baseline -0.001 -14"><span class='ocrx_word' id='word_1_139' title='bbox 219 1575 434 1631; x_wconf 85' lang='lat' dir='ltr'><strong>postulet;</strong></span> <span class='ocrx_word' id='word_1_140' title='bbox 462 1576 510 1620; x_wconf 86' lang='lat' dir='ltr'><strong>id</strong></span> <span class='ocrx_word' id='word_1_141' title='bbox 537 1576 655 1633; x_wconf 91' lang='lat' dir='ltr'><strong>quod</strong></span> <span class='ocrx_word' id='word_1_142' title='bbox 681 1576 916 1621; x_wconf 84' lang='lat' dir='ltr'><strong>Elmsleius</strong></span> <span class='ocrx_word' id='word_1_143' title='bbox 943 1578 971 1620; x_wconf 91' lang='lat' dir='ltr'><strong>l.</strong></span> <span class='ocrx_word' id='word_1_144' title='bbox 994 1591 1030 1620; x_wconf 93' lang='lat' dir='ltr'><strong>c.</strong></span> <span class='ocrx_word' id='word_1_145' title='bbox 1053 1581 1097 1621; x_wconf 88' lang='lat' dir='ltr'><strong>et</strong></span> <span class='ocrx_word' id='word_1_146' title='bbox 1124 1578 1343 1620; x_wconf 89' lang='lat' dir='ltr'><strong>Porsonus</strong></span> <span class='ocrx_word' id='word_1_147' title='bbox 1374 1576 1603 1619; x_wconf 90' lang='lat' dir='ltr'><strong>confirmat</strong></span> <span class='ocrx_word' id='word_1_148' title='bbox 1625 1576 1755 1618; x_wconf 88' lang='lat' dir='ltr'><strong>Prae·</strong></span> 
     </span>
     <span class='ocr_line' id='line_1_20' title="bbox 221 1649 1757 1711; baseline 0.001 -19"><span class='ocrx_word' id='word_1_149' title='bbox 221 1649 299 1693; x_wconf 84' lang='lat' dir='ltr'><strong>fat.</strong></span> <span class='ocrx_word' id='word_1_150' title='bbox 328 1650 387 1694; x_wconf 82' lang='lat' dir='ltr'><strong>ad</strong></span> <span class='ocrx_word' id='word_1_151' title='bbox 413 1649 517 1694; x_wconf 88' lang='lat' dir='ltr'><strong>Eur.</strong></span> <span class='ocrx_word' id='word_1_152' title='bbox 545 1651 712 1697; x_wconf 83' lang='lat' dir='ltr'><strong>Hecub.</strong></span> <span class='ocrx_word' id='word_1_153' title='bbox 734 1667 777 1708; x_wconf 87' lang='lat' dir='ltr'><strong>p.</strong></span> <span class='ocrx_word' id='word_1_154' title='bbox 800 1652 910 1695; x_wconf 92' lang='lat' dir='ltr'>LVI.</span> <span class='ocrx_word' id='word_1_155' title='bbox 934 1653 1021 1711; x_wconf 91' lang='lat' dir='ltr'><strong>(ed.</strong></span> <span class='ocrx_word' id='word_1_156' title='bbox 1043 1653 1121 1695; x_wconf 92' lang='grc' dir='ltr'><strong>ΙΙΙ.</strong></span> <span class='ocrx_word' id='word_1_157' title='bbox 1142 1653 1262 1708; x_wconf 87' lang='lat' dir='ltr'><strong>Lips.</strong></span> <span class='ocrx_word' id='word_1_158' title='bbox 1290 1651 1455 1709; x_wconf 85' lang='lat'>1824.):</span> <span class='ocrx_word' id='word_1_159' title='bbox 1490 1650 1757 1704; x_wconf 86' lang='lat' dir='ltr'><strong>„Brunckius</strong></span> 
     </span>
     <span class='ocr_line' id='line_1_21' title="bbox 218 1723 1756 1785; baseline 0 -17"><span class='ocrx_word' id='word_1_160' title='bbox 218 1729 359 1769; x_wconf 87' lang='lat' dir='ltr'><strong>metro</strong></span> <span class='ocrx_word' id='word_1_161' title='bbox 395 1730 576 1771; x_wconf 86' lang='lat' dir='ltr'><strong>coactus</strong></span> <span class='ocrx_word' id='word_1_162' title='bbox 612 1723 764 1770; x_wconf 75' lang='grc' dir='ltr'><em>ἔσοδον</em></span> <span class='ocrx_word' id='word_1_163' title='bbox 798 1727 1042 1785; x_wconf 84' lang='lat' dir='ltr'><strong>(Aristoph.</strong></span> <span class='ocrx_word' id='word_1_164' title='bbox 1077 1727 1118 1770; x_wconf 91' lang='lat' dir='ltr'>N</span> <span class='ocrx_word' id='word_1_165' title='bbox 1120 1726 1190 1770; x_wconf 90' lang='lat' dir='ltr'><strong>ub.</strong></span> <span class='ocrx_word' id='word_1_166' title='bbox 1231 1742 1269 1770; x_wconf 87' lang='lat' dir='ltr'><strong>v.</strong></span> <span class='ocrx_word' id='word_1_167' title='bbox 1313 1730 1411 1769; x_wconf 86' lang='lat'>325.</span> <span class='ocrx_word' id='word_1_168' title='bbox 1448 1726 1546 1784; x_wconf 89' lang='lat'>[6.])</span> <span class='ocrx_word' id='word_1_169' title='bbox 1592 1725 1756 1778; x_wconf 85' lang='lat' dir='ltr'><strong>scribit,</strong></span> 
     </span>
     <span class='ocr_line' id='line_1_22' title="bbox 219 1800 1755 1859; baseline -0.001 -15"><span class='ocrx_word' id='word_1_170' title='bbox 219 1800 340 1856; x_wconf 83' lang='lat' dir='ltr'><strong>quod</strong></span> <span class='ocrx_word' id='word_1_171' title='bbox 360 1814 585 1857; x_wconf 85' lang='lat' dir='ltr'><strong>nunquam</strong></span> <span class='ocrx_word' id='word_1_172' title='bbox 605 1801 724 1859; x_wconf 83' lang='lat' dir='ltr'><strong>apud</strong></span> <span class='ocrx_word' id='word_1_173' title='bbox 746 1801 959 1855; x_wconf 89' lang='lat' dir='ltr'><strong>Comicos,</strong></span> <span class='ocrx_word' id='word_1_174' title='bbox 981 1805 1031 1844; x_wconf 88' lang='lat' dir='ltr'><strong>ut</strong></span> <span class='ocrx_word' id='word_1_175' title='bbox 1052 1815 1196 1857; x_wconf 91' lang='lat' dir='ltr'><strong>neque</strong></span> <span class='ocrx_word' id='word_1_176' title='bbox 1212 1802 1448 1857; x_wconf 87' lang='lat' dir='ltr'><strong>quicquam</strong></span> <span class='ocrx_word' id='word_1_177' title='bbox 1463 1800 1583 1844; x_wconf 90' lang='lat' dir='ltr'><strong>aliud</strong></span> <span class='ocrx_word' id='word_1_178' title='bbox 1600 1803 1755 1844; x_wconf 84' lang='lat' dir='ltr'><strong>nbmen</strong></span> 
     </span>
     <span class='ocr_line' id='line_1_23' title="bbox 216 1872 1754 1934; baseline 0.001 -16"><span class='ocrx_word' id='word_1_179' title='bbox 216 1874 273 1919; x_wconf 90' lang='lat' dir='ltr'><strong>ab</strong></span> <span class='ocrx_word' id='word_1_180' title='bbox 301 1872 350 1927; x_wconf 79' lang='grc' dir='ltr'><strong>ἐς</strong></span> <span class='ocrx_word' id='word_1_181' title='bbox 383 1877 677 1934; x_wconf 87' lang='lat' dir='ltr'><strong>compositum</strong></span> <span class='ocrx_word' id='word_1_182' title='bbox 708 1879 941 1933; x_wconf 63' lang='lat' dir='ltr'><strong>reperitur}</strong></span> <span class='ocrx_word' id='word_1_183' title='bbox 1003 1877 1243 1920; x_wconf 86' lang='lat' dir='ltr'><strong>Rarissime</strong></span> <span class='ocrx_word' id='word_1_184' title='bbox 1282 1877 1479 1930; x_wconf 89' lang='lat' dir='ltr'><strong>omnino,</strong></span> <span class='ocrx_word' id='word_1_185' title='bbox 1518 1879 1563 1919; x_wconf 91' lang='lat' dir='ltr'><strong>et</strong></span> <span class='ocrx_word' id='word_1_186' title='bbox 1590 1889 1754 1929; x_wconf 87' lang='lat' dir='ltr'><strong>vereor,</strong></span> 
     </span>
     <span class='ocr_line' id='line_1_24' title="bbox 217 1949 1749 2006; baseline -0.001 -12"><span class='ocrx_word' id='word_1_187' title='bbox 217 1965 273 1995; x_wconf 87' lang='lat' dir='ltr'><strong>ne</strong></span> <span class='ocrx_word' id='word_1_188' title='bbox 308 1952 355 1994; x_wconf 89' lang='lat' dir='ltr'><strong>in</strong></span> <span class='ocrx_word' id='word_1_189' title='bbox 389 1951 498 1996; x_wconf 86' lang='lat' dir='ltr'><strong>locis</strong></span> <span class='ocrx_word' id='word_1_190' title='bbox 536 1955 710 1997; x_wconf 86' lang='lat' dir='ltr'><strong>tantum</strong></span> <span class='ocrx_word' id='word_1_191' title='bbox 743 1951 987 2006; x_wconf 86' lang='lat' dir='ltr'><strong>mendosis,</strong></span> <span class='ocrx_word' id='word_1_192' title='bbox 1031 1949 1076 2001; x_wconf 76' lang='grc' dir='ltr'><strong>ἐς</strong></span> <span class='ocrx_word' id='word_1_193' title='bbox 1118 1955 1222 1995; x_wconf 89' lang='lat' dir='ltr'><strong>ante</strong></span> <span class='ocrx_word' id='word_1_194' title='bbox 1259 1952 1456 1996; x_wconf 83' lang='lat' dir='ltr'><strong>vocalem</strong></span> <span class='ocrx_word' id='word_1_195' title='bbox 1498 1954 1749 2006; x_wconf 87' lang='lat' dir='ltr'><strong>usurpant.“</strong></span> 
     </span>
     <span class='ocr_line' id='line_1_25' title="bbox 215 2024 1753 2072; baseline -0.001 -3"><span class='ocrx_word' id='word_1_196' title='bbox 215 2026 332 2069; x_wconf 84' lang='lat' dir='ltr'><strong>Huic</strong></span> <span class='ocrx_word' id='word_1_197' title='bbox 369 2027 554 2072; x_wconf 73' lang='lat' dir='ltr'><strong>Por-soni</strong></span> <span class='ocrx_word' id='word_1_198' title='bbox 587 2027 750 2072; x_wconf 87' lang='lat' dir='ltr'><strong>iudicio</strong></span> <span class='ocrx_word' id='word_1_199' title='bbox 783 2027 956 2070; x_wconf 89' lang='lat' dir='ltr'><strong>accedit</strong></span> <span class='ocrx_word' id='word_1_200' title='bbox 995 2026 1253 2070; x_wconf 89' lang='lat' dir='ltr'><strong>Schaeferus</strong></span> <span class='ocrx_word' id='word_1_201' title='bbox 1291 2027 1337 2071; x_wconf 89' lang='lat' dir='ltr'><strong>in</strong></span> <span class='ocrx_word' id='word_1_202' title='bbox 1363 2026 1456 2070; x_wconf 85' lang='lat' dir='ltr'><strong>Iud.</strong></span> <span class='ocrx_word' id='word_1_203' title='bbox 1486 2024 1692 2069; x_wconf 90' lang='lat' dir='ltr'><strong>Hecubae</strong></span> <span class='ocrx_word' id='word_1_204' title='bbox 1720 2039 1753 2068; x_wconf 92' lang='lat' dir='ltr'><strong>s.</strong></span> 
     </span>
     <span class='ocr_line' id='line_1_26' title="bbox 216 2097 1754 2157; baseline 0 -13"><span class='ocrx_word' id='word_1_205' title='bbox 216 2115 255 2144; x_wconf 85' lang='lat' dir='ltr'><strong>v.</strong></span> <span class='ocrx_word' id='word_1_206' title='bbox 284 2097 332 2152; x_wconf 77' lang='grc' dir='ltr'><strong>ἐς</strong></span> <span class='ocrx_word' id='word_1_207' title='bbox 356 2101 614 2147; x_wconf 75' lang='lat' dir='ltr'><strong>observans:</strong></span> <span class='ocrx_word' id='word_1_208' title='bbox 649 2102 856 2157; x_wconf 89' lang='lat' dir='ltr'><strong>„Porsoni</strong></span> <span class='ocrx_word' id='word_1_209' title='bbox 882 2101 1016 2145; x_wconf 86' lang='lat' dir='ltr'><strong>verba</strong></span> <span class='ocrx_word' id='word_1_210' title='bbox 1044 2101 1082 2144; x_wconf 92' lang='lat' dir='ltr'><strong>si</strong></span> <span class='ocrx_word' id='word_1_211' title='bbox 1104 2101 1307 2145; x_wconf 89' lang='lat' dir='ltr'><strong>Osannus</strong></span> <span class='ocrx_word' id='word_1_212' title='bbox 1327 2102 1543 2145; x_wconf 85' lang='lat' dir='ltr'><strong>attentius</strong></span> <span class='ocrx_word' id='word_1_213' title='bbox 1564 2101 1754 2157; x_wconf 87' lang='lat' dir='ltr'><strong>legisset,</strong></span> 
     </span>
     <span class='ocr_line' id='line_1_27' title="bbox 214 2176 1754 2233; baseline -0.001 -13"><span class='ocrx_word' id='word_1_214' title='bbox 214 2191 303 2221; x_wconf 90' lang='lat' dir='ltr'><strong>non</strong></span> <span class='ocrx_word' id='word_1_215' title='bbox 318 2177 672 2224; x_wconf 67' lang='lat' dir='ltr'><strong>&#39;contradixisset</strong></span> <span class='ocrx_word' id='word_1_216' title='bbox 697 2178 834 2222; x_wconf 90' lang='lat' dir='ltr'><strong>Inscr.</strong></span> <span class='ocrx_word' id='word_1_217' title='bbox 872 2177 906 2220; x_wconf 91' lang='grc' dir='ltr'><strong>Ι.</strong></span> <span class='ocrx_word' id='word_1_218' title='bbox 945 2192 987 2233; x_wconf 90' lang='lat' dir='ltr'><strong>p.</strong></span> <span class='ocrx_word' id='word_1_219' title='bbox 1021 2179 1086 2220; x_wconf 88' lang='lat'><strong>13.</strong></span> <span class='ocrx_word' id='word_1_220' title='bbox 1147 2177 1368 2221; x_wconf 87' lang='lat' dir='ltr'><strong>Porsonus</strong></span> <span class='ocrx_word' id='word_1_221' title='bbox 1395 2177 1511 2221; x_wconf 91' lang='lat' dir='ltr'><strong>enim</strong></span> <span class='ocrx_word' id='word_1_222' title='bbox 1540 2176 1593 2220; x_wconf 89' lang='lat' dir='ltr'><strong>de</strong></span> <span class='ocrx_word' id='word_1_223' title='bbox 1622 2176 1754 2219; x_wconf 91' lang='lat' dir='ltr'><strong>comi-</strong></span> 
     </span>
     <span class='ocr_line' id='line_1_28' title="bbox 221 2252 1755 2309; baseline -0.001 -13"><span class='ocrx_word' id='word_1_224' title='bbox 221 2253 284 2296; x_wconf 87' lang='lat' dir='ltr'><strong>cis</strong></span> <span class='ocrx_word' id='word_1_225' title='bbox 310 2252 532 2309; x_wconf 85' lang='lat' dir='ltr'><strong>loquitur:</strong></span> <span class='ocrx_word' id='word_1_226' title='bbox 571 2257 619 2300; x_wconf 82' lang='lat' dir='ltr'><strong>at</strong></span> <span class='ocrx_word' id='word_1_227' title='bbox 653 2253 729 2300; x_wconf 84' lang='lat' dir='ltr'><strong>ille</strong></span> <span class='ocrx_word' id='word_1_228' title='bbox 764 2253 964 2309; x_wconf 85' lang='lat' dir='ltr'><strong>exempla</strong></span> <span class='ocrx_word' id='word_1_229' title='bbox 996 2266 1021 2296; x_wconf 89' lang='lat' dir='ltr'><strong>e</strong></span> <span class='ocrx_word' id='word_1_230' title='bbox 1053 2252 1236 2309; x_wconf 87' lang='lat' dir='ltr'><strong>tragicis</strong></span> <span class='ocrx_word' id='word_1_231' title='bbox 1262 2252 1426 2297; x_wconf 84' lang='lat' dir='ltr'><strong>attulit.</strong></span> <span class='ocrx_word' id='word_1_232' title='bbox 1488 2252 1674 2296; x_wconf 85' lang='lat' dir='ltr'><strong>Omnino</strong></span> <span class='ocrx_word' id='word_1_233' title='bbox 1703 2265 1755 2294; x_wconf 85' lang='lat' dir='ltr'><strong>ea</strong></span> 
     </span>
     <span class='ocr_line' id='line_1_29' title="bbox 218 2322 1754 2386; baseline -0.001 -16"><span class='ocrx_word' id='word_1_234' title='bbox 218 2330 285 2371; x_wconf 88' lang='lat' dir='ltr'><strong>est</strong></span> <span class='ocrx_word' id='word_1_235' title='bbox 312 2327 497 2372; x_wconf 86' lang='lat' dir='ltr'><strong>Porsoni</strong></span> <span class='ocrx_word' id='word_1_236' title='bbox 522 2322 835 2386; x_wconf 86' lang='lat' dir='ltr'><strong>praecipientis</strong></span> <span class='ocrx_word' id='word_1_237' title='bbox 861 2328 1103 2384; x_wconf 86' lang='lat' dir='ltr'><strong>diligentia,</strong></span> <span class='ocrx_word' id='word_1_238' title='bbox 1131 2342 1185 2371; x_wconf 90' lang='lat' dir='ltr'><strong>ea</strong></span> <span class='ocrx_word' id='word_1_239' title='bbox 1214 2328 1558 2383; x_wconf 87' lang='lat' dir='ltr'><strong>circumspectio,</strong></span> <span class='ocrx_word' id='word_1_240' title='bbox 1590 2332 1641 2369; x_wconf 90' lang='lat' dir='ltr'><strong>ut</strong></span> <span class='ocrx_word' id='word_1_241' title='bbox 1667 2327 1754 2369; x_wconf 90' lang='lat' dir='ltr'><strong>sin-</strong></span> 
     </span>
     <span class='ocr_line' id='line_1_30' title="bbox 216 2401 1072 2461; baseline -0.001 -13"><span class='ocrx_word' id='word_1_242' title='bbox 216 2403 322 2459; x_wconf 82' lang='lat' dir='ltr'><strong>gula</strong></span> <span class='ocrx_word' id='word_1_243' title='bbox 339 2403 441 2447; x_wconf 56' lang='lat' dir='ltr'><strong>&#39;eius</strong></span> <span class='ocrx_word' id='word_1_244' title='bbox 468 2401 603 2451; x_wconf 81' lang='lat' dir='ltr'><strong>verba</strong></span> <span class='ocrx_word' id='word_1_245' title='bbox 629 2402 803 2449; x_wconf 88' lang='lat' dir='ltr'><strong>attendi</strong></span> <span class='ocrx_word' id='word_1_246' title='bbox 829 2406 1072 2461; x_wconf 86' lang='lat' dir='ltr'><strong>oporteat.“</strong></span> 
     </span>
    </p>
   </div>
   <div class='ocr_carea' id='block_1_3' title="bbox 215 2539 494 2552">
    <p class='ocr_par' dir='ltr' id='par_1_5' title="bbox 215 2539 494 2552">
     <span class='ocr_line' id='line_1_31' title="bbox 215 2539 494 2552; baseline 0 574"><span class='ocrx_word' id='word_1_247' title='bbox 215 2539 494 2552; x_wconf 95' lang='lat' dir='ltr'><strong> </strong></span> 
     </span>
    </p>
   </div>
   <div class='ocr_carea' id='block_1_4' title="bbox 214 2633 1754 2912">
    <p class='ocr_par' dir='ltr' id='par_1_6' title="bbox 214 2633 1754 2912">
     <span class='ocr_line' id='line_1_32' title="bbox 336 2633 1749 2687; baseline 0.002 -16"><span class='ocrx_word' id='word_1_248' title='bbox 336 2634 381 2681; x_wconf 76' lang='lat'><strong>⁹⁶)</strong></span> <span class='ocrx_word' id='word_1_249' title='bbox 405 2639 447 2672; x_wconf 86' lang='lat' dir='ltr'><strong>ut</strong></span> <span class='ocrx_word' id='word_1_250' title='bbox 457 2635 590 2682; x_wconf 79' lang='lat' dir='ltr'><strong>Vespis</strong></span> <span class='ocrx_word' id='word_1_251' title='bbox 606 2634 794 2681; x_wconf 84' lang='lat' dir='ltr'><strong>Aristoph.</strong></span> <span class='ocrx_word' id='word_1_252' title='bbox 811 2646 844 2670; x_wconf 89' lang='lat' dir='ltr'><strong>v.</strong></span> <span class='ocrx_word' id='word_1_253' title='bbox 864 2635 930 2670; x_wconf 84' lang='lat'><strong>147</strong></span> <span class='ocrx_word' id='word_1_254' title='bbox 948 2633 1017 2674; x_wconf 81' lang='grc' dir='ltr'><strong>οὐκ</strong></span> <span class='ocrx_word' id='word_1_255' title='bbox 1031 2634 1261 2687; x_wconf 53' lang='lat' dir='ltr'><strong>&amp;affrice-‚253</strong></span> <span class='ocrx_word' id='word_1_256' title='bbox 1277 2634 1424 2672; x_wconf 83' lang='lat' dir='ltr'><strong>Thesm.</strong></span> <span class='ocrx_word' id='word_1_257' title='bbox 1441 2636 1508 2671; x_wconf 84' lang='lat'><strong>657</strong></span> <span class='ocrx_word' id='word_1_258' title='bbox 1528 2633 1749 2686; x_wconf 75' lang='grc' dir='ltr'>ἐςελήλυθες</span> 
     </span>
     <span class='ocr_line' id='line_1_33' title="bbox 214 2690 1751 2739; baseline -0.001 -10"><span class='ocrx_word' id='word_1_259' title='bbox 214 2694 253 2729; x_wconf 89' lang='lat' dir='ltr'><strong>in</strong></span> <span class='ocrx_word' id='word_1_260' title='bbox 277 2691 649 2735; x_wconf 61' lang='lat' dir='ltr'><strong>Menandri‘Azzessm</strong></span> <span class='ocrx_word' id='word_1_261' title='bbox 665 2693 708 2729; x_wconf 83' lang='lat' dir='ltr'><strong>fr.</strong></span> <span class='ocrx_word' id='word_1_262' title='bbox 721 2693 821 2730; x_wconf 86' lang='lat' dir='ltr'><strong>vm.</strong></span> <span class='ocrx_word' id='word_1_263' title='bbox 834 2696 881 2739; x_wconf 83' lang='lat' dir='ltr'><strong>(v.</strong></span> <span class='ocrx_word' id='word_1_264' title='bbox 894 2692 1117 2729; x_wconf 84' lang='lat' dir='ltr'><strong>Meinekium</strong></span> <span class='ocrx_word' id='word_1_265' title='bbox 1134 2692 1279 2738; x_wconf 81' lang='lat' dir='ltr'><strong>Fragm.</strong></span> <span class='ocrx_word' id='word_1_266' title='bbox 1298 2690 1428 2727; x_wconf 80' lang='lat' dir='ltr'><strong>comio.</strong></span> <span class='ocrx_word' id='word_1_267' title='bbox 1449 2692 1575 2728; x_wconf 82' lang='lat' dir='ltr'><strong>Graec.</strong></span> <span class='ocrx_word' id='word_1_268' title='bbox 1589 2691 1670 2728; x_wconf 91' lang='lat' dir='ltr'><strong>Vol.</strong></span> <span class='ocrx_word' id='word_1_269' title='bbox 1688 2692 1751 2729; x_wconf 89' lang='lat' dir='ltr'><strong>IV.</strong></span> 
     </span>
     <span class='ocr_line' id='line_1_34' title="bbox 215 2748 1754 2799; baseline -0.002 -12"><span class='ocrx_word' id='word_1_270' title='bbox 215 2751 387 2798; x_wconf 46' lang='grc' dir='ltr'><strong>ρας-76.)</strong></span> <span class='ocrx_word' id='word_1_271' title='bbox 402 2762 438 2791; x_wconf 80' lang='lat' dir='ltr'><strong>v.</strong></span> <span class='ocrx_word' id='word_1_272' title='bbox 462 2753 496 2789; x_wconf 88' lang='lat'><strong>3.</strong></span> <span class='ocrx_word' id='word_1_273' title='bbox 519 2750 649 2796; x_wconf 67' lang='grc' dir='ltr'>ἐςίδως</span> <span class='ocrx_word' id='word_1_274' title='bbox 676 2750 806 2796; x_wconf 84' lang='lat' dir='ltr'><strong>quibus</strong></span> <span class='ocrx_word' id='word_1_275' title='bbox 829 2753 951 2787; x_wconf 85' lang='lat' dir='ltr'><strong>tamen</strong></span> <span class='ocrx_word' id='word_1_276' title='bbox 971 2749 1060 2785; x_wconf 87' lang='lat' dir='ltr'><strong>locis</strong></span> <span class='ocrx_word' id='word_1_277' title='bbox 1079 2748 1275 2785; x_wconf 86' lang='lat' dir='ltr'><strong>Elmsleius</strong></span> <span class='ocrx_word' id='word_1_278' title='bbox 1298 2753 1395 2785; x_wconf 81' lang='lat' dir='ltr'><strong>recte</strong></span> <span class='ocrx_word' id='word_1_279' title='bbox 1419 2750 1572 2786; x_wconf 84' lang='lat' dir='ltr'><strong>fortasse</strong></span> <span class='ocrx_word' id='word_1_280' title='bbox 1597 2749 1754 2799; x_wconf 24' lang='lat' dir='ltr'><strong>coniecit·</strong></span> 
     </span>
     <span class='ocr_line' id='line_1_35' title="bbox 216 2805 1743 2862; baseline -0.004 -15"><span class='ocrx_word' id='word_1_281' title='bbox 216 2805 328 2848; x_wconf 70' lang='grc' dir='ltr'><strong>οὐκέτ</strong></span> <span class='ocrx_word' id='word_1_282' title='bbox 349 2806 548 2862; x_wconf 73' lang='grc' dir='ltr'><strong>’ἐρῥήὸεις,</strong></span> <span class='ocrx_word' id='word_1_283' title='bbox 576 2809 764 2860; x_wconf 76' lang='grc' dir='ltr'><strong>εἰςῆλθεν,</strong></span> <span class='ocrx_word' id='word_1_284' title='bbox 801 2808 916 2847; x_wconf 80' lang='grc' dir='ltr'>ἐπίδω</span> <span class='ocrx_word' id='word_1_285' title='bbox 945 2808 992 2853; x_wconf 72' lang='grc' dir='ltr'><strong>(ν.</strong></span> <span class='ocrx_word' id='word_1_286' title='bbox 1016 2808 1117 2843; x_wconf 85' lang='lat' dir='ltr'><strong>Imm.</strong></span> <span class='ocrx_word' id='word_1_287' title='bbox 1141 2807 1349 2843; x_wconf 84' lang='lat' dir='ltr'><strong>Bekkerum</strong></span> <span class='ocrx_word' id='word_1_288' title='bbox 1374 2808 1412 2844; x_wconf 88' lang='lat' dir='ltr'><strong>in</strong></span> <span class='ocrx_word' id='word_1_289' title='bbox 1436 2806 1542 2843; x_wconf 87' lang='lat' dir='ltr'><strong>Notis</strong></span> <span class='ocrx_word' id='word_1_290' title='bbox 1574 2807 1620 2843; x_wconf 85' lang='lat' dir='ltr'><strong>ad</strong></span> <span class='ocrx_word' id='word_1_291' title='bbox 1654 2807 1743 2842; x_wconf 86' lang='lat' dir='ltr'><strong>duos</strong></span> 
     </span>
     <span class='ocr_line' id='line_1_36' title="bbox 216 2864 1113 2912; baseline -0.003 -10"><span class='ocrx_word' id='word_1_292' title='bbox 216 2864 360 2912; x_wconf 75' lang='lat' dir='ltr'><strong>priores</strong></span> <span class='ocrx_word' id='word_1_293' title='bbox 382 2864 482 2903; x_wconf 74' lang='lat' dir='ltr'><strong>locos</strong></span> <span class='ocrx_word' id='word_1_294' title='bbox 507 2869 544 2903; x_wconf 84' lang='lat' dir='ltr'><strong>et</strong></span> <span class='ocrx_word' id='word_1_295' title='bbox 567 2864 625 2902; x_wconf 83' lang='lat' dir='ltr'><strong>ad.</strong></span> <span class='ocrx_word' id='word_1_296' title='bbox 650 2865 809 2901; x_wconf 84' lang='lat' dir='ltr'><strong>Acharn.</strong></span> <span class='ocrx_word' id='word_1_297' title='bbox 832 2876 868 2900; x_wconf 88' lang='lat' dir='ltr'><strong>v.</strong></span> <span class='ocrx_word' id='word_1_298' title='bbox 891 2864 948 2901; x_wconf 82' lang='lat'><strong>42.</strong></span> <span class='ocrx_word' id='word_1_299' title='bbox 973 2865 1045 2910; x_wconf 88' lang='grc'><strong>43.)</strong></span> <span class='ocrx_word' id='word_1_300' title='bbox 1072 2884 1113 2890; x_wconf 89' lang='grc'>-</span> 
     </span>
    </p>
   </div>
  </div>
 </body>
</html>
