1963 3126
797 118 1088 170 -537-

178 264 311 321 paulo
332 266 434 307 ante
455 259 663 312 diximuS,
686 258 821 303 etiam
847 258 1184 314 praepositionis
1204 254 1251 309 ἐς
1277 273 1404 303 usum
1439 273 1709 306 communem

178 338 334 391 fuisse,
360 335 408 379 id
435 333 553 391 quod
566 366 580 387 ,
603 335 656 376 ut
680 330 798 375 infra
825 330 1081 386 videbimus,
1107 335 1151 375 et
1177 332 1487 389 inscriptiones
1501 334 1710 380 vetustio-

179 426 250 456 res
278 409 470 466 probant
492 411 542 451 et
561 405 721 458 veteris
748 406 923 452 Atticae
946 405 1124 450 dialecti
1148 408 1397 462 scriptores.

297 483 384 530 Sed
416 483 506 527 iam
540 481 580 526 si
608 479 877 536 quaerimus,
914 478 1123 535 quamdiu
1150 480 1327 527 omnino
1353 480 1460 525 haec
1490 482 1710 538 scriptura

179 562 261 611 τοῦ
287 556 332 607 ἐς
359 556 480 613 apud
499 555 673 598 Atticos
700 554 942 597 obtinuerit
968 557 1014 599 et
1039 568 1127 608 qua
1152 555 1327 598 ratione
1354 555 1519 599 factum
1548 556 1628 608 sit,
1661 561 1711 600 ut

181 634 230 677 τό
260 630 306 682 ἐς
332 633 379 676 in
405 632 466 679 εἷς
486 629 638 673 -subito
668 630 1000 682 immutaretur,
1038 628 1122 672 hoo
1155 629 1433 685 potissimum
1471 644 1524 673 ex
1558 625 1710 673 inscri-

179 700 403 765 ptionibus
429 703 678 760 perspicere
703 702 809 746 licet
822 737 832 757 ‚
867 702 914 745 in
947 701 1107 758 quibus
1142 716 1282 759 usque
1315 703 1374 747 ad
1408 703 1710 760 Olympiadem

183 786 263 836 94,
291 784 330 824 2.
359 779 428 823 vel
452 778 586 835 paulo
613 782 714 834 post
741 779 963 834 conceptis
990 782 1244 822 constanter
1265 775 1312 829 ἐς
1331 779 1573 834 repar-itum
1604 780 1705 822 inde

185 860 333 901 autem
354 853 410 898 ab
429 854 514 897 hoc
533 857 730 909 tempore
752 867 865 909 quae
886 856 1093 898 exaratae
1114 856 1236 907 sunt,
1265 853 1312 901 in
1331 853 1385 897 iis
1398 887 1409 907 ,
1438 854 1590 910 paucis
1609 857 1709 897 tan-

183 929 283 975 tum·
306 928 523 984 exceptis,
556 927 719 983 ubique
754 926 845 971 fero
880 928 941 977 εἲς
967 927 1180 983 scriptum
1200 931 1365 971 exstat.
1401 927 1454 970 Id
1480 942 1582 971 vero
1609 928 1710 971 inde

185 1003 491 1061 explicaveris,
513 1002 632 1057 quod
648 1001 819 1058 Olymp.
843 1005 920 1055 94,
938 1004 977 1043 2.
994 1001 1188 1044 'Euclide
1215 1001 1425 1045 archonte
1452 1002 1634 1049 Athenis
1660 1017 1713 1045 ex

182 1080 300 1123 iusso
320 1078 529 1132 antiquus
550 1075 768 1120 scribendi
788 1075 942 1120 modus
967 1076 1014 1119 in
1032 1090 1192 1120 novam
1212 1076 1398 1124 formam
1419 1080 1712 1126 commutatus

184 1157 251 1197 est
275 1178 343 1200 ·--,
361 1166 416 1195 ex
442 1151 623 1195 Archini
650 1151 765 1194 enim
791 1150 888 1206 lege
914 1150 1087 1205 Ionica,
1115 1164 1228 1206 quae
1255 1155 1456 1206 vocatur,
1483 1152 1715 1196 literatura

184 1243 264 1285 pro
285 1228 432 1284 prisca
455 1227 533 1270 illa
553 1226 703 1270 Attica
728 1226 774 1269 in
801 1226 912 1269 actis
944 1224 1131 1282 publicis
1156 1230 1337 1282 recepta
1364 1230 1432 1270 est
1460 1226 1514 1269 cf.
1536 1230 1713 1283 praeter

185 1304 294 1347 alios
331 1302 487 1346 Franz.
526 1300 664 1349 Elem.
705 1300 928 1357 epigraph.
968 1299 1123 1344 Graec.
1165 1315 1208 1357 p.
1252 1304 1346 1344 148.
1365 1315 1459 1356 sqq.
1495 1304 1541 1344 et
1576 1300 1713 1356 Pauly

190 1365 690 1433 „Real-Encyclopaedie
706 1376 748 1418 d.
765 1375 892 1419 class.
908 1375 1318 1419 Alterthumswiss.“
1340 1375 1419 1419 Bd.
1442 1376 1476 1418 I.
1501 1375 1576 1434 (Π.
1599 1375 1711 1419 Aufl.

187 1452 412 1507 Stuttgart
443 1449 575 1507 1864)
604 1464 638 1498 s.
667 1464 707 1492 v.
737 1448 957 1506 Aiphabet
983 1464 1025 1506 p.
1053 1452 1151 1493 801.
1173 1449 1253 1493 Bd.
1275 1450 1349 1493 IV.
1373 1450 1556 1508 (Stuttg.
1583 1450 1712 1507 1846)

188 1541 221 1569 s.
249 1541 287 1569 v.
316 1525 594 1580 Inscription.
623 1539 665 1580 p.
702 1528 796 1567 174.
814 1539 907 1580 sqq.
935 1550 994 1556 —

305 1599 509 1644 Ceterum
532 1598 570 1642 si
590 1599 637 1642 in
657 1597 847 1655 publicis
869 1598 1057 1643 decretis
1078 1598 1215 1643 Attici
1234 1603 1426 1644 veterem
1451 1599 1715 1656 scripturam

190 1677 313 1719 illam
336 1677 417 1716 τοῦ
442 1671 490 1724 ἐς
521 1688 658 1729 usque
684 1674 744 1716 ad
775 1673 1079 1729 Olympiadem
1106 1678 1185 1727 94,
1216 1678 1255 1717 2.
1285 1676 1580 1727 retinuerunt,
1614 1675 1716 1718 inde

188 1763 276 1793 non
296 1750 515 1805 sequitur,
543 1748 656 1792 hanc
683 1749 816 1791 etiam
836 1747 883 1790 in
902 1762 986 1791 usu
1005 1748 1198 1804 vulgaris
1219 1749 1334 1792 vitae
1354 1753 1449 1804 tam
1470 1749 1546 1792 diu
1567 1748 1714 1798 fuisse.

187 1825 326 1867 Immo
346 1822 575 1879 probabile
595 1822 791 1875 videtur,
819 1822 908 1865 iam
928 1822 1068 1865 multo
1088 1825 1190 1866 ante
1210 1823 1331 1872 illam
1352 1811 1544 1866 aetatem
1564 1828 1715 1879 utpote

190 1913 325 1955 quum
362 1898 536 1946 omnino
577 1897 809 1941 literatura
853 1896 1003 1940 Ionica
1037 1896 1221 1946 Athenis
1259 1897 1389 1953 vulgo
1431 1896 1715 1951 increbuerit,

193 1973 311 2030 quod
337 1973 523 2017 Franzio
557 1973 586 2016 l.
616 1985 651 2015 c.
680 1986 722 2028 p.
759 1974 854 2015 128.
888 1976 1092 2016 monente
1127 1972 1255 2017 hodie
1289 1974 1405 2017 inter
1434 1987 1583 2017 omnes
1617 1987 1714 2017 con-

189 2049 333 2102 venit,
361 2049 495 2092 etiam
520 2049 601 2089 τοῦ
628 2045 690 2096 εἰς
719 2035 980 2103 scripturam
1000 2048 1047 2090 in
1068 2047 1306 2091 communis
1325 2048 1442 2098 vitae
1465 2048 1615 2104 lingua
1634 2063 1719 2092 usu

159 2133 164 2135 ’
189 2126 414 2180 receptam
451 2121 610 2176 suisse3
650 2121 772 2166 cuius
804 2122 869 2166 rei
905 2125 1044 2167 testes
1078 2135 1174 2166 esse
1206 2122 1410 2166 videntur
1444 2123 1716 2179 potissimum

190 2198 505 2253 Aristophanes
520 2197 683 2252 aliique
701 2197 866 2251 comici,
883 2197 959 2252 qui
975 2211 1240 2253 quamquam
1256 2201 1358 2247 ante
1374 2197 1583 2253 epocham
1597 2198 1719 2249 illam
1739 2234 1744 2236 μ

191 2272 473 2327 scripserunt,
498 2274 648 2315 tamen
670 2285 760 2314 non
786 2272 839 2325 ἐς,
872 2274 924 2314 ut
949 2271 1065 2316 infra
1089 2271 1334 2328 apparebit,
1356 2271 1434 2315 sed
1461 2270 1525 2321 εἷς
1543 2275 1720 2328 praetu-

190 2346 357 2401 lerunt,
379 2345 519 2402 quod,
550 2360 684 2402 quum
705 2346 879 2390 omnino
909 2347 1062 2390 comici
1087 2341 1244 2403 poetae
1272 2360 1541 2398 communem
1569 2346 1721 2403 populi

193 2436 436 2473 sermonem
469 2422 767 2477 imitarentur,
803 2436 857 2466 ex
883 2437 934 2467 eo
961 2422 1056 2480 ipso
1083 2420 1141 2467 ab
1163 2422 1256 2471 ,illis
1282 2426 1553 2479 assumptum
1582 2425 1660 2475 est.

306 2497 459 2553 Neque
483 2498 628 2545 minus
657 2498 896 2541 cavendum
921 2497 1004 2542 tibi
1031 2502 1118 2552 est,
1152 2512 1207 2542 ne
1237 2502 1427 2541 veterem
1455 2498 1719 2554 scripturam

192 2569 240 2622 ἐς
265 2572 386 2627 apud
412 2572 582 2616 Atticos
612 2573 857 2629 posteriore
884 2576 1029 2618 aetate
1060 2587 1241 2630 prorsus
1279 2572 1539 2623 obsolevisse
1576 2576 1716 2629 putes.

194 2645 370 2689 Etenim
396 2661 467 2690 res
496 2650 563 2691 est
590 2647 810 2708 confessa,
844 2648 891 2691 in
923 2649 1057 2692 certis
1095 2648 1359 2704 quibusdam
1391 2648 1588 2691 formulis
1617 2661 1717 2691 con-

195 2724 363 2764 stanter
388 2719 441 2764 τὸ
469 2724 512 2773 ἐς
537 2722 595 2766 ab
621 2723 675 2766 iis
709 2726 928 2769 servatum
967 2738 1079 2777 esse,
1115 2724 1236 2766 velut
1269 2724 1312 2765 in
1353 2722 1399 2773 ἐς
1431 2719 1640 2782 κόρακας,
1675 2721 1723 2773 ἐς

195 2795 433 2853 μακαρίαν,
474 2797 527 2840 de
563 2798 721 2852 quibus
751 2798 987 2856 Helladius
1016 2798 1332 2842 Chrestomath.
1372 2798 1491 2854 apud
1516 2798 1721 2841 Photium
